
@ARTICLE{Astropy_2013,
   author = {{Astropy Collaboration} and {Robitaille}, T.~P. and {Tollerud}, E.~J. and 
  {Greenfield}, P. and {Droettboom}, M. and {Bray}, E. and {Aldcroft}, T. and 
  {Davis}, M. and {Ginsburg}, A. and {Price-Whelan}, A.~M. and 
  {Kerzendorf}, W.~E. and {Conley}, A. and {Crighton}, N. and 
  {Barbary}, K. and {Muna}, D. and {Ferguson}, H. and {Grollier}, F. and 
  {Parikh}, M.~M. and {Nair}, P.~H. and {Unther}, H.~M. and {Deil}, C. and 
  {Woillez}, J. and {Conseil}, S. and {Kramer}, R. and {Turner}, J.~E.~H. and 
  {Singer}, L. and {Fox}, R. and {Weaver}, B.~A. and {Zabalza}, V. and 
  {Edwards}, Z.~I. and {Azalee Bostroem}, K. and {Burke}, D.~J. and 
  {Casey}, A.~R. and {Crawford}, S.~M. and {Dencheva}, N. and 
  {Ely}, J. and {Jenness}, T. and {Labrie}, K. and {Lim}, P.~L. and 
  {Pierfederici}, F. and {Pontzen}, A. and {Ptak}, A. and {Refsdal}, B. and 
  {Servillat}, M. and {Streicher}, O.},
    title = "{Astropy: A community Python package for astronomy}",
  journal = {\aap},
archivePrefix = "arXiv",
   eprint = {1307.6212},
 primaryClass = "astro-ph.IM",
 keywords = {methods: data analysis, methods: miscellaneous, virtual observatory tools},
     year = 2013,
    month = oct,
   volume = 558,
      eid = {A33},
    pages = {A33},
      doi = {10.1051/0004-6361/201322068},
   adsurl = {http://adsabs.harvard.edu/abs/2013A%26A...558A..33A},
  adsnote = {Provided by the SAO/NASA Astrophysics Data System}
}

@ARTICLE{Anders_2003,
   author = {{Anders}, P. and {Fritze-v.~Alvensleben}, U.},
    title = "{Spectral and photometric evolution of young stellar populations: The impact of gaseous emission at various metallicities}",
  journal = {\aap},
   eprint = {astro-ph/0302146},
 keywords = {globular clusters: general, open clusters and associations: general, galaxies: star clusters, galaxies: evolution},
     year = 2003,
    month = apr,
   volume = 401,
    pages = {1063-1070},
      doi = {10.1051/0004-6361:20030151},
   adsurl = {http://adsabs.harvard.edu/abs/2003A%26A...401.1063A},
  adsnote = {Provided by the SAO/NASA Astrophysics Data System}
}

@article{Anders_2013,
  title={Stochastic stellar cluster initial mass functions: Models and impact on integrated cluster parameter determination},
  author={Anders, P and Kotulla, R and De Grijs, R and Wicker, J},
  journal={The Astrophysical Journal},
  volume={778},
  number={2},
  pages={138},
  year={2013},
  publisher={IOP Publishing}
}

@ARTICLE{Andrae_2010,
   author = {{Andrae}, R.},
    title = "{Error estimation in astronomy: A guide}",
  journal = {ArXiv e-prints},
archivePrefix = "arXiv",
   eprint = {1009.2755},
 primaryClass = "astro-ph.IM",
 keywords = {Astrophysics - Instrumentation and Methods for Astrophysics, Physics - Data Analysis, Statistics and Probability},
     year = 2010,
    month = sep,
   adsurl = {http://adsabs.harvard.edu/abs/2010arXiv1009.2755A},
  adsnote = {Provided by the SAO/NASA Astrophysics Data System}
}

@ARTICLE{Balbinot_2010,
   author = {{Balbinot}, E. and {Santiago}, B.~X. and {Kerber}, L.~O. and 
  {Barbuy}, B. and {Dias}, B.~M.~S.},
    title = "{Probing the Large Magellanic Cloud age gap at intermediate cluster masses}",
  journal = {MNRAS},
archivePrefix = "arXiv",
   eprint = {1002.0805},
 keywords = {stars: statistics, Magellanic Clouds, galaxies: star clusters, galaxies: stellar content},
     year = 2010,
    month = may,
   volume = 404,
    pages = {1625-1632},
      doi = {10.1111/j.1365-2966.2010.16390.x},
   adsurl = {http://adsabs.harvard.edu/abs/2010MNRAS.404.1625B},
  adsnote = {Provided by the SAO/NASA Astrophysics Data System}
}

@ARTICLE{Baumgardt_2013,
   author = {{Baumgardt}, H. and {Parmentier}, G. and {Anders}, P. and {Grebel}, E.~K.
  },
    title = "{The star cluster formation history of the LMC}",
  journal = {MNRAS},
archivePrefix = "arXiv",
   eprint = {1207.5576},
 keywords = {galaxies: kinematics and dynamics, Magellanic Clouds, galaxies: star clusters: general},
     year = 2013,
    month = mar,
   volume = 430,
    pages = {676-685},
      doi = {10.1093/mnras/sts667},
   adsurl = {http://adsabs.harvard.edu/abs/2013MNRAS.430..676B},
  adsnote = {Provided by the SAO/NASA Astrophysics Data System}
}

@ARTICLE{Bertelli_1994,
   author = {{Bertelli}, G. and {Bressan}, A. and {Chiosi}, C. and {Fagotto}, F. and 
  {Nasi}, E.},
    title = "{Theoretical isochrones from models with new radiative opacities}",
  journal = {\aaps},
 keywords = {STARS: EVOLUTION, INTERIORS, FUNDAMENTAL PARAMETERS, HR DIAGRAM},
     year = 1994,
    month = aug,
   volume = 106,
   adsurl = {http://adsabs.harvard.edu/abs/1994A%26AS..106..275B},
  adsnote = {Provided by the SAO/NASA Astrophysics Data System}
}

@article{Bevington_2003,
  title={Data reduction and error analysis},
  author={Bevington, Philip R and Robinson, D Keith},
  journal={McGraw-Hill},
  year={2003}
}

@ARTICLE{Bica_1995,
   author = {{Bica}, E.~L.~D. and {Schmitt}, H.~R.},
    title = "{A Revised and Extended Catalog of Magellanic System Clusters, Associations, and Emission Nebulae. I. Small Magellanic Cloud and Bridge}",
  journal = {\apjs},
 keywords = {GALAXIES: MAGELLANIC CLOUDS, GALAXY: OPEN CLUSTERS AND ASSOCIATIONS: GENERAL, SURVEYS},
     year = 1995,
    month = nov,
   volume = 101,
    pages = {41},
      doi = {10.1086/192233},
   adsurl = {http://adsabs.harvard.edu/abs/1995ApJS..101...41B},
  adsnote = {Provided by the SAO/NASA Astrophysics Data System}
}

@ARTICLE{Bica_1998,
   author = {{Bica}, E. and {Geisler}, D. and {Dottori}, H. and {Clari{\'a}}, J.~J. and 
  {Piatti}, A.~E. and {Santos}, Jr., J.~F.~C.},
    title = "{Ages and Metallicities of Star Clusters and Surrounding Fields in the Outer Disk of the Large Magellanic Cloud}",
  journal = {\aj},
   eprint = {astro-ph/9803167},
 keywords = {GALAXIES: STAR CLUSTERS, GALAXIES: MAGELLANIC CLOUDS},
     year = 1998,
    month = aug,
   volume = 116,
    pages = {723-737},
      doi = {10.1086/300448},
   adsurl = {http://adsabs.harvard.edu/abs/1998AJ....116..723B},
  adsnote = {Provided by the SAO/NASA Astrophysics Data System}
}

@article{Bica_2008,
  doi = {10.1111/j.1365-2966.2008.13612.x},
  url = {http://dx.doi.org/10.1111/j.1365-2966.2008.13612.x},
  year = {2008},
  month = {sep},
  publisher = {Oxford University Press ({OUP})},
  volume = {389},
  number = {2},
  pages = {678--690},
  author = {E. Bica and C. Bonatto and C. M. Dutra and J. F. C. Santos},
  title = {{A general catalogue of extended objects in the Magellanic System}},
  journal = {Monthly Notices of the Royal Astronomical Society},
}

@ARTICLE{Bica_2015,
   author = {{Bica}, E. and {Santiago}, B. and {Bonatto}, C. and {Garcia-Dias}, R. and 
  {Kerber}, L. and {Dias}, B. and {Barbuy}, B. and {Balbinot}, E.
  },
    title = "{Bridge over troubled gas: clusters and associations under the SMC and LMC tidal stresses}",
  journal = {MNRAS},
archivePrefix = "arXiv",
   eprint = {1507.07725},
 keywords = {Magellanic Clouds, galaxies: star clusters: general, galaxies: structure},
     year = 2015,
    month = nov,
   volume = 453,
    pages = {3190-3202},
      doi = {10.1093/mnras/stv1720},
   adsurl = {http://adsabs.harvard.edu/abs/2015MNRAS.453.3190B},
  adsnote = {Provided by the SAO/NASA Astrophysics Data System}
}

@Article{Bland_1986,
   Author="Bland, J. M.  and Altman, D. G. ",
   Title="{{S}tatistical methods for assessing agreement between two methods of clinical measurement}",
   Journal="Lancet",
   Year="1986",
   Volume="1",
   Number="8476",
   Pages="307--310",
   Month="Feb"
}

@INPROCEEDINGS{Boch2014,
  author = {{Boch}, T. and {Fernique}, P.},
  title = {{Aladin Lite: Embed your Sky in the Browser}},
  booktitle = {Astronomical Data Analysis Software and Systems XXIII},
  year = {2014},
  series = {Astronomical Society of the Pacific Conference Series},
  volume = {485},
  editor = {{Manset}, N. and {Forshay}, P.},
  month = {may},
  pages = {277},
  adsurl = {http://cdsads.u-strasbg.fr/abs/2014ASPC..485..277B},
  adsnote = {Provided by the SAO/NASA Astrophysics Data System},
}

@ARTICLE{Bonnarel2000,
  author = {{Bonnarel}, F. and {Fernique}, P. and {Bienaym{\'e}}, O. and {Egret}, D. and {Genova}, F. and {Louys}, M. and {Ochsenbein}, F. and {Wenger}, M. and {Bartlett}, J.~G.},
  title = {{The ALADIN interactive sky atlas. A reference tool for identification of astronomical sources}},
  journal = {AAPS},
  keywords = {ASTRONOMICAL DATA BASES: MISCELLANEOUS, CATALOGS, ATLASES, SURVEYS},
  year = {2000},
  month = {apr},
  volume = {143},
  pages = {33-40},
  doi = {10.1051/aas:2000331},
  adsurl = {http://cdsads.u-strasbg.fr/abs/2000A%26AS..143...33B},
  adsnote = {Provided by the SAO/NASA Astrophysics Data System},
}

@ARTICLE{Bonatto_2007,
   author = {{Bonatto}, C. and {Bica}, E.},
    title = "{Open clusters in dense fields: the importance of field-star decontamination for NGC 5715, Lyng{\aa} 4, Lyng{\aa} 9, Trumpler 23, Trumpler 26 and Czernik 37}",
  journal = {MNRAS},
   eprint = {astro-ph/0703025},
 keywords = {open clusters and associations: individual: NGC5715 , open clusters and associations: individual: Lyng{\aa}4 , open clusters and associations: individual: Lyng{\aa}9 , open clusters and associations: individual: Trumpler23 , open clusters and associations: individual: Trumpler26 , open clusters and associations: individual: Czernik37},
     year = 2007,
    month = may,
   volume = 377,
    pages = {1301-1323},
      doi = {10.1111/j.1365-2966.2007.11691.x},
   adsurl = {http://adsabs.harvard.edu/abs/2007MNRAS.377.1301B},
  adsnote = {Provided by the SAO/NASA Astrophysics Data System}
}

@ARTICLE{Bressan_2012,
   author = {{Bressan}, A. and {Marigo}, P. and {Girardi}, L. and {Salasnich}, B. and 
  {Dal Cero}, C. and {Rubele}, S. and {Nanni}, A.},
    title = "{PARSEC: stellar tracks and isochrones with the PAdova and TRieste Stellar Evolution Code}",
  journal = {MNRAS},
archivePrefix = "arXiv",
   eprint = {1208.4498},
 primaryClass = "astro-ph.SR",
 keywords = {stars: evolution, Hertzsprung{\dash}Russell and colour magnitude diagrams, stars: interiors, stars: low-mass},
     year = 2012,
    month = nov,
   volume = 427,
    pages = {127-145},
      doi = {10.1111/j.1365-2966.2012.21948.x},
   adsurl = {http://adsabs.harvard.edu/abs/2012MNRAS.427..127B},
  adsnote = {Provided by the SAO/NASA Astrophysics Data System}
}

@ARTICLE{Burstein_1982,
   author = {{Burstein}, D. and {Heiles}, C.},
    title = "{Reddenings derived from H I and galaxy counts - Accuracy and maps}",
  journal = {\aj},
 keywords = {Accuracy, Astronomical Maps, Hydrogen Atoms, Interstellar Extinction, Milky Way Galaxy, Star Distribution, Absorption Spectra, Astronomical Photometry, Early Stars, Elliptical Galaxies, Line Spectra},
     year = 1982,
    month = aug,
   volume = 87,
    pages = {1165-1189},
      doi = {10.1086/113199},
   adsurl = {http://adsabs.harvard.edu/abs/1982AJ.....87.1165B},
  adsnote = {Provided by the SAO/NASA Astrophysics Data System}
}

@article{Canterna_1976,
  doi = {10.1086/111878},
  url = {http://dx.doi.org/10.1086/111878},
  year = {1976},
  month = {apr},
  publisher = {{IOP} Publishing},
  volume = {81},
  pages = {228},
  author = {R. Canterna},
  title = {{Broad-band photometry of G and K stars - The C M, T/1/, T/2/ photometric system}},
  journal = {The Astronomical Journal},
}

@article{Carrera_2008_smc,
  doi = {10.1088/0004-6256/136/3/1039},
  url = {http://dx.doi.org/10.1088/0004-6256/136/3/1039},
  year = {2008},
  month = {aug},
  publisher = {{IOP} Publishing},
  volume = {136},
  number = {3},
  pages = {1039--1048},
  author = {Ricardo Carrera and Carme Gallart and Antonio Aparicio and Edgardo Costa and Rene A. M{\'{e}}ndez and Noelia E. D. No\"el},
  title = {{{THE} {CHEMICAL} {ENRICHMENT} {HISTORY} {OF} {THE} {SMALL} {MAGELLANIC} {CLOUD} {AND} {ITS} {GRADIENTS}}},
  journal = {The Astronomical Journal},
}

@article{Carrera_2008_lmc,
  doi = {10.1088/0004-6256/135/3/836},
  url = {http://dx.doi.org/10.1088/0004-6256/135/3/836},
  year = {2008},
  month = {feb},
  publisher = {{IOP} Publishing},
  volume = {135},
  number = {3},
  pages = {836--849},
  author = {R. Carrera and C. Gallart and Eduardo Hardy and A. Aparicio and R. Zinn},
  title = {{{THE} {CHEMICAL} {ENRICHMENT} {HISTORY} {OF} {THE} {LARGE} {MAGELLANIC} {CLOUD}}},
  journal = {The Astronomical Journal},
}

@article{Carrera_2011_lmc,
  doi = {10.1088/0004-6256/142/2/61},
  url = {http://dx.doi.org/10.1088/0004-6256/142/2/61},
  year = {2011},
  month = {jul},
  publisher = {{IOP} Publishing},
  volume = {142},
  number = {2},
  pages = {61},
  author = {R. Carrera and C. Gallart and A. Aparicio and E. Hardy},
  title = {{{METALLICITIES} {AGE}-{METALLICITY} {RELATIONSHIPS} {AND} {KINEMATICS} {OF} {RED} {GIANT} {BRANCH} {STARS} {IN} {THE} {OUTER} {DISK} {OF} {THE} {LARGE} {MAGELLANIC} {CLOUD}}},
  journal = {The Astronomical Journal},
}

@article{Chabrier_2001,
  doi = {10.1086/321401},
  url = {http://dx.doi.org/10.1086/321401},
  year = {2001},
  month = {jun},
  publisher = {{IOP} Publishing},
  volume = {554},
  number = {2},
  pages = {1274--1281},
  author = {Gilles Chabrier},
  title = {{The Galactic Disk Mass Budget. I. Stellar Mass Function and Density}},
  journal = {{ApJ}},
}

@article{Chiosi_2006,
  doi = {10.1051/0004-6361:20054559},
  url = {http://dx.doi.org/10.1051/0004-6361:20054559},
  year = {2006},
  month = {jun},
  publisher = {{EDP} Sciences},
  volume = {452},
  number = {1},
  pages = {179--193},
  author = {E. Chiosi and A. Vallenari and E. V. Held and L. Rizzi and A. Moretti},
  title = {{Age distribution of young clusters and field stars in the Small Magellanic Cloud}},
  journal = {Astronomy and Astrophysics},
}

@article{Choudhury_2015,
  doi = {10.1088/0004-6256/149/2/52},
  url = {http://dx.doi.org/10.1088/0004-6256/149/2/52},
  year = {2015},
  month = {jan},
  publisher = {{IOP} Publishing},
  volume = {149},
  number = {2},
  pages = {52},
  author = {Samyaday Choudhury and Annapurni Subramaniam and Andr{\'{e}}s E. Piatti},
  title = {{{DEEP} {WASHINGTON} {PHOTOMETRY} {OF} {INCONSPICUOUS} {STAR} {CLUSTER} {CANDIDATES} {IN} {THE} {LARGE} {MAGELLANIC} {CLOUD}}},
  journal = {The Astronomical Journal},
}

@ARTICLE{Choudhury_2015b,
   author = {{Choudhury}, S. and {Subramaniam}, A. and {Cole}, A.~A.},
    title = "{Photometric metallicity map of the Large Magellanic Cloud}",
  journal = {ArXiv e-prints},
archivePrefix = "arXiv",
   eprint = {1510.05769},
 keywords = {Astrophysics - Astrophysics of Galaxies},
     year = 2015,
    month = oct,
   adsurl = {http://adsabs.harvard.edu/abs/2015arXiv151005769C},
  adsnote = {Provided by the SAO/NASA Astrophysics Data System}
}

@ARTICLE{Cignoni_2013,
   author = {{Cignoni}, M. and {Cole}, A.~A. and {Tosi}, M. and {Gallagher}, J.~S. and 
  {Sabbi}, E. and {Anderson}, J. and {Grebel}, E.~K. and {Nota}, A.
  },
    title = "{Mean Age Gradient and Asymmetry in the Star Formation History of the Small Magellanic Cloud}",
  journal = {\apj},
archivePrefix = "arXiv",
   eprint = {1308.1409},
 keywords = {galaxies: dwarf, galaxies: evolution, galaxies: formation, galaxies: individual: Small Magellanic Cloud, galaxies: star formation, galaxies: stellar content, galaxies: structure, Hertzsprung-Russell and C-M diagrams, Magellanic Clouds, stars: statistics },
     year = 2013,
    month = oct,
   volume = 775,
      eid = {83},
    pages = {83},
      doi = {10.1088/0004-637X/775/2/83},
   adsurl = {http://adsabs.harvard.edu/abs/2013ApJ...775...83C},
  adsnote = {Provided by the SAO/NASA Astrophysics Data System}
}

@ARTICLE{Cioni_2009,
   author = {{Cioni}, M.-R.~L.},
    title = "{The metallicity gradient as a tracer of history and structure: the Magellanic Clouds and M33 galaxies}",
  journal = {\aap},
archivePrefix = "arXiv",
   eprint = {0904.3136},
 keywords = {galaxies: abundances, Magellanic Clouds, Local Group, stars: AGB and post-AGB, galaxies: stellar content, galaxies: individual: M33},
     year = 2009,
    month = nov,
   volume = 506,
    pages = {1137-1146},
      doi = {10.1051/0004-6361/200912138},
   adsurl = {http://adsabs.harvard.edu/abs/2009A%26A...506.1137C},
  adsnote = {Provided by the SAO/NASA Astrophysics Data System}
}

@ARTICLE{Crowl_2001,
   author = {{Crowl}, H.~H. and {Sarajedini}, A. and {Piatti}, A.~E. and 
  {Geisler}, D. and {Bica}, E. and {Clari{\'a}}, J.~J. and {Santos}, Jr., J.~F.~C.
  },
    title = "{The Line-of-Sight Depth of Populous Clusters in the Small Magellanic Cloud}",
  journal = {\aj},
   eprint = {astro-ph/0104227},
 keywords = {Galaxy: Globular Clusters: General, Galaxies: Magellanic Clouds},
     year = 2001,
    month = jul,
   volume = 122,
    pages = {220-231},
      doi = {10.1086/321128},
   adsurl = {http://adsabs.harvard.edu/abs/2001AJ....122..220C},
  adsnote = {Provided by the SAO/NASA Astrophysics Data System}
}

@ARTICLE{Dias_2002,
   author = {{Dias}, W.~S. and {Alessi}, B.~S. and {Moitinho}, A. and {L{\'e}pine}, J.~R.~D.
  },
    title = "{New catalogue of optically visible open clusters and candidates}",
  journal = {\aap},
   eprint = {astro-ph/0203351},
 keywords = {galaxy: open clusters and associations: general, catalogs},
     year = 2002,
    month = jul,
   volume = 389,
    pages = {871-873},
      doi = {10.1051/0004-6361:20020668},
   adsurl = {http://adsabs.harvard.edu/abs/2002A%26A...389..871D},
  adsnote = {Provided by the SAO/NASA Astrophysics Data System}
}

@ARTICLE{Dias_2010,
   author = {{Dias}, B. and {Coelho}, P. and {Barbuy}, B. and {Kerber}, L. and 
  {Idiart}, T.},
    title = "{Age and metallicity of star clusters in the Small Magellanic Cloud from integrated spectroscopy}",
  journal = {\aap},
archivePrefix = "arXiv",
   eprint = {1002.4301},
 primaryClass = "astro-ph.SR",
 keywords = {Magellanic Clouds, galaxies: dwarf, galaxies: star clusters, stars: abundances, stars: fundamental parameters},
     year = 2010,
    month = sep,
   volume = 520,
      eid = {A85},
    pages = {A85},
      doi = {10.1051/0004-6361/200912894},
   adsurl = {http://adsabs.harvard.edu/abs/2010A%26A...520A..85D},
  adsnote = {Provided by the SAO/NASA Astrophysics Data System}
}

@article{Dolphin_2002,
  doi = {10.1046/j.1365-8711.2002.05271.x},
  url = {http://dx.doi.org/10.1046/j.1365-8711.2002.05271.x},
  year = {2002},
  month = {may},
  publisher = {Oxford University Press ({OUP})},
  volume = {332},
  number = {1},
  pages = {91--108},
  author = {A. E. Dolphin},
  title = {{Numerical methods of star formation history measurement and applications to seven dwarf spheroidals}},
  journal = {Monthly Notices of the Royal Astronomical Society},
}


@ARTICLE{Dubath_1990,
   author = {{Dubath}, P. and {Meylan}, G. and {Mayor}, M. and {Magain}, P.
  },
    title = "{Core velocity dispersion and mass-to-light ratio of the old Magellanic globular cluster NGC 1835}",
  journal = {\aap},
 keywords = {Globular Clusters, Magellanic Clouds, Mass To Light Ratios, Velocity Distribution, Astronomical Models, Astronomical Observatories, Astronomical Photometry, Charge Coupled Devices, Stellar Evolution, clusters: globular, galaxies: Magellanic clouds, data analysis},
     year = 1990,
    month = nov,
   volume = 239,
    pages = {142-154},
   adsurl = {http://adsabs.harvard.edu/abs/1990A%26A...239..142D},
  adsnote = {Provided by the SAO/NASA Astrophysics Data System}
}

@ARTICLE{Elson_1998,
   author = {{Elson}, R.~A.~W. and {Sigurdsson}, S. and {Davies}, M. and 
  {Hurley}, J. and {Gilmore}, G.},
    title = "{The binary star population of the young cluster NGC 1818 in the Large Magellanic Cloud}",
  journal = {MNRAS},
 keywords = {BINARIES: GENERAL, GLOBULAR CLUSTERS: INDIVIDUAL: NGC 1818, MAGELLANIC CLOUDS, GALAXIES: STAR CLUSTERS},
     year = 1998,
    month = nov,
   volume = 300,
    pages = {857-862},
      doi = {10.1046/j.1365-8711.1998.01948.x},
   adsurl = {http://adsabs.harvard.edu/abs/1998MNRAS.300..857E},
  adsnote = {Provided by the SAO/NASA Astrophysics Data System}
}

@article{Geha_1998,
  author={Marla C. Geha and Jon A. Holtzman and Jeremy R. Mould and John S. Gallagher III and Alan M. Watson and Andrew A.
Cole and Carl J. Grillmair and Karl R. Stapelfeldt and Gilda E. Ballester and Christopher J. Burrows and John T.
Clarke and David Crisp and Robin W. Evans and Richard E. Griffiths and J. Jeff Hester and Paul A. Scowen and John T.
Trauger and James A. Westphal},
  title={Stellar Populations in Three Outer Fields of the Large Magellanic Cloud},
  journal={The Astronomical Journal},
  volume={115},
  number={3},
  pages={1045},
  url={http://stacks.iop.org/1538-3881/115/i=3/a=1045},
  year={1998},
  abstract={     We present Hubble Space Telescope photometry for three fields in the outer disk of the Large Magellanic Cloud (LMC) extending approximately 4 mag below the faintest main-sequence turnoff. We cannot detect any strongly significant differences in the stellar populations of the three fields based on the morphologies of the color-magnitude diagrams, the luminosity functions, and the relative numbers of stars in different evolutionary stages. Our observations therefore suggest similar star formation histories in these regions, although some variations are certainly allowed. The fields are located in two regions of the LMC: one is in the northeast and two are located in the northwest. Under the assumption of a common star formation history, we combine the three fields with ground-based data at the same location as one of the fields to improve statistics for the brightest stars. We compare this stellar population with those predicted from several simple star formation histories suggested in the literature, using a combination of the R -method of Bertelli et al. (1992) and comparisons with the observed luminosity function. The only model we consider that is not rejected by the observations is one in which the star formation rate is roughly constant for most of the LMC's history and then increases by a factor of 3 about 2 Gyr ago. Such a model has roughly equal numbers of stars older and younger than 4 Gyr, and thus is not dominated by young stars. This star formation history, combined with a closed-box chemical evolution model, is consistent with observations that the metallicity of the LMC has doubled in the past 2 Gyr.}
}

@ARTICLE{Geisler_1996,
   author = {{Geisler}, D.},
    title = "{New Washington System CCD Standard Fields}",
  journal = {\aj},
 keywords = {STARS: GIANTS, STARS: ABUNDANCES, INSTRUMENTATION: CAMERAS},
     year = 1996,
    month = jan,
   volume = 111,
    pages = {480},
      doi = {10.1086/117799},
   adsurl = {http://adsabs.harvard.edu/abs/1996AJ....111..480G},
  adsnote = {Provided by the SAO/NASA Astrophysics Data System}
}

@ARTICLE{Geisler_1997,
   author = {{Geisler}, D. and {Bica}, E. and {Dottori}, H. and {Claria}, J.~J. and 
  {Piatti}, A.~E. and {Santos}, Jr., J.~F.~C.},
    title = "{A Search for Old Star Clusters in the Large Magellanic Cloud}",
  journal = {\aj},
   eprint = {astro-ph/9709191},
 keywords = {MAGELLANIC CLOUDS, GALAXIES: STAR CLUSTERS},
     year = 1997,
    month = nov,
   volume = 114,
    pages = {1920},
      doi = {10.1086/118614},
   adsurl = {http://adsabs.harvard.edu/abs/1997AJ....114.1920G},
  adsnote = {Provided by the SAO/NASA Astrophysics Data System}
}

@article{Geisler_1999,
  doi = {10.1086/300668},
  url = {http://dx.doi.org/10.1086/300668},
  year = {1999},
  month = {jan},
  publisher = {{IOP} Publishing},
  volume = {117},
  number = {1},
  pages = {308--329},
  author = {Doug Geisler and Ata Sarajedini},
  title = {{Standard Giant Branches in the Washington Photometric System}},
  journal = {The Astronomical Journal},
}

@article{Geisler_2003,
  doi = {10.1046/j.1365-8711.2003.06408.x},
  url = {http://dx.doi.org/10.1046/j.1365-8711.2003.06408.x},
  year = {2003},
  month = {may},
  publisher = {Oxford University Press ({OUP})},
  volume = {341},
  number = {3},
  pages = {771--784},
  author = {D. Geisler and A. E. Piatti and E. Bica and J. J. Claria},
  title = {{Ages and metallicities of eight star clusters and their surrounding fields in the inner disc of the Large Magellanic Cloud}},
  journal = {Monthly Notices of the Royal Astronomical Society},
}

@ARTICLE{Girardi_1998,
   author = {{Girardi}, L. and {Groenewegen}, M.~A.~T. and {Weiss}, A. and 
  {Salaris}, M.},
    title = "{Fine structure of the red giant clump from HIPPARCOS data, and distance determinations based on its mean magnitude}",
  journal = {MNRAS},
   eprint = {astro-ph/9805127},
 keywords = {STARS: EVOLUTION, HERTZSPRUNG-RUSSELL (HR) DIAGRAM, SOLAR NEIGHBOURHOOD, GALAXY: STELLAR CONTENT, GALAXIES: DISTANCES AND REDSHIFTS, MAGELLANIC CLOUDS},
     year = 1998,
    month = nov,
   volume = 301,
    pages = {149-160},
      doi = {10.1046/j.1365-8711.1998.02011.x},
   adsurl = {http://adsabs.harvard.edu/abs/1998MNRAS.301..149G},
  adsnote = {Provided by the SAO/NASA Astrophysics Data System}
}

@ARTICLE{Girardi_2002,
   author = {{Girardi}, L. and {Bertelli}, G. and {Bressan}, A. and {Chiosi}, C. and 
  {Groenewegen}, M.~A.~T. and {Marigo}, P. and {Salasnich}, B. and 
  {Weiss}, A.},
    title = "{Theoretical isochrones in several photometric systems. I. Johnson-Cousins-Glass, HST/WFPC2, HST/NICMOS, Washington, and ESO Imaging Survey filter sets}",
  journal = {\aap},
   eprint = {astro-ph/0205080},
 keywords = {stars: fundamental parameters, Hertzprung-Russell (HR) and C-M diagrams},
     year = 2002,
    month = aug,
   volume = 391,
    pages = {195-212},
      doi = {10.1051/0004-6361:20020612},
   adsurl = {http://adsabs.harvard.edu/abs/2002A%26A...391..195G},
  adsnote = {Provided by the SAO/NASA Astrophysics Data System}
}

@ARTICLE{Girardi_2009,
   author = {{Girardi}, L. and {Rubele}, S. and {Kerber}, L.},
    title = "{Discovery of two distinct red clumps in NGC 419: a rare snapshot of a cluster at the onset of degeneracy}",
  journal = {MNRAS},
archivePrefix = "arXiv",
   eprint = {0901.0773},
 primaryClass = "astro-ph.SR",
 keywords = {stars: evolution, Hertzsprung-Russell (HR) diagram},
     year = 2009,
    month = mar,
   volume = 394,
    pages = {L74-L78},
      doi = {10.1111/j.1745-3933.2008.00614.x},
   adsurl = {http://adsabs.harvard.edu/abs/2009MNRAS.394L..74G},
  adsnote = {Provided by the SAO/NASA Astrophysics Data System}
}

@ARTICLE{Girardi_2011,
   author = {{Girardi}, L. and {Eggenberger}, P. and {Miglio}, A.},
    title = "{Can rotation explain the multiple main-sequence turn-offs of Magellanic Cloud star clusters?}",
  journal = {MNRAS},
archivePrefix = "arXiv",
   eprint = {1101.1880},
 primaryClass = "astro-ph.SR",
 keywords = {stars: evolution, Hertzsprung-Russell and colour-magnitude diagrams},
     year = 2011,
    month = mar,
   volume = 412,
    pages = {L103-L107},
      doi = {10.1111/j.1745-3933.2011.01013.x},
   adsurl = {http://adsabs.harvard.edu/abs/2011MNRAS.412L.103G},
  adsnote = {Provided by the SAO/NASA Astrophysics Data System}
}

@article{Glatt_2008,
  author={Katharina Glatt and Eva K. Grebel and Elena Sabbi and John S. Gallagher III and Antonella Nota and Marco
Sirianni and Gisella Clementini and Monica Tosi and Daniel Harbeck and Andreas Koch and Andrea Kayser and Gary Da Costa},
  title={Age Determination of Six Intermediate-Age Small Magellanic Cloud Star Clusters with HST/ACS},
  journal={The Astronomical Journal},
  volume={136},
  number={4},
  pages={1703},
  url={http://stacks.iop.org/1538-3881/136/i=4/a=1703},
  year={2008},
}


@article{Glatt_2010,
  doi = {10.1051/0004-6361/201014187},
  url = {http://dx.doi.org/10.1051/0004-6361/201014187},
  year = {2010},
  month = {jul},
  publisher = {{EDP} Sciences},
  volume = {517},
  pages = {A50},
  author = {K. Glatt and E. K. Grebel and A. Koch},
  title = {{Ages and luminosities of young {SMC}/{LMC} star clusters and the recent star formation history of the Clouds}},
  journal = {Astronomy and Astrophysics},
}

@article{Goudfrooij_2014,
  author={Paul Goudfrooij and Léo Girardi and Vera Kozhurina-Platais and Jason S. Kalirai and Imants Platais and Thomas H.
Puzia and Matteo Correnti and Alessandro Bressan and Rupali Chandar and Leandro Kerber and Paola Marigo and Stefano Rubele},
  title={Extended Main Sequence Turnoffs in Intermediate-age Star Clusters: A Correlation between Turnoff Width and Early Escape Velocity},
  journal={The Astrophysical Journal},
  volume={797},
  number={1},
  pages={35},
  url={http://stacks.iop.org/0004-637X/797/i=1/a=35},
  year={2014},
  abstract={We present a color-magnitude diagram analysis of deep Hubble Space Telescope imaging of a mass-limited sample of 18 intermediate-age (1-2 Gyr old) star clusters in the Magellanic Clouds, including eight clusters for which new data were obtained. We find that all star clusters in our sample feature extended main-sequence turnoff (eMSTO) regions that are wider than can be accounted for by a simple stellar population (including unresolved binary stars). FWHM widths of the MSTOs indicate age spreads of 200-550 Myr. We evaluate the dynamical evolution of clusters with and without initial mass segregation. Our main results are (1) the fraction of red clump (RC) stars in secondary RCs in eMSTO clusters scales with the fraction of MSTO stars having pseudo-ages of ##IMG## [http://ej.iop.org/icons/Entities/lsim.gif] {lsim} 1.35 Gyr; (2) the width of the pseudo-age distributions of eMSTO clusters is correlated with their central escape velocity v esc , both currently and at an age of 10 Myr. We find that these two results are unlikely to be reproduced by the effects of interactive binary stars or a range of stellar rotation velocities. We therefore argue that the eMSTO phenomenon is mainly caused by extended star formation within the clusters; and (3) we find that v esc ≥ 15 km s –1 out to ages of at least 100 Myr for all clusters featuring eMSTOs, and v esc ≤ 12 km s –1 at all ages for two lower-mass clusters in the same age range that do not show eMSTOs. We argue that eMSTOs only occur for clusters whose early escape velocities are higher than the wind velocities of stars that provide material from which second-generation stars can form. The threshold of 12-15 km s –1 is consistent with wind velocities of intermediate-mass asymptotic giant branch stars and massive binary stars in the literature.}
}

@ARTICLE{de_Grijs_2006,
   author = {{de Grijs}, R. and {Anders}, P.},
    title = "{How well do we know the age and mass distributions of the star cluster system in the Large Magellanic Cloud?}",
  journal = {MNRAS},
   eprint = {astro-ph/0511305},
 keywords = {methods: data analysis, Magellanic Clouds, galaxies: star clusters, galaxies: stellar content},
     year = 2006,
    month = feb,
   volume = 366,
    pages = {295-307},
      doi = {10.1111/j.1365-2966.2005.09856.x},
   adsurl = {http://adsabs.harvard.edu/abs/2006MNRAS.366..295D},
  adsnote = {Provided by the SAO/NASA Astrophysics Data System}
}

@article{de_Grijs_2014,
  doi = {10.1088/0004-6256/147/5/122},
  url = {http://dx.doi.org/10.1088/0004-6256/147/5/122},
  year = {2014},
  month = {apr},
  publisher = {{IOP} Publishing},
  volume = {147},
  number = {5},
  pages = {122},
  author = {Richard de Grijs and James E. Wicker and Giuseppe Bono},
  title = {{{CLUSTERING} {OF} {LOCAL} {GROUP} {DISTANCES}: {PUBLICATION} {BIAS} {OR} {CORRELATED} {MEASUREMENTS}? I. {THE} {LARGE} {MAGELLANIC} {CLOUD}}},
  journal = {The Astronomical Journal},
}

@article{de_Grijs_2015,
  doi = {10.1088/0004-6256/149/6/179},
  url = {http://dx.doi.org/10.1088/0004-6256/149/6/179},
  year = {2015},
  month = {may},
  publisher = {{IOP} Publishing},
  volume = {149},
  number = {6},
  pages = {179},
  author = {Richard de Grijs and Giuseppe Bono},
  title = {{{CLUSTERING} {OF} {LOCAL} {GROUP} {DISTANCES}: {PUBLICATION} {BIAS} {OR} {CORRELATED} {MEASUREMENTS}? {III}. {THE} {SMALL} {MAGELLANIC} {CLOUD}}},
  journal = {The Astronomical Journal},
}

@ARTICLE{Grocholski_2003,
   author = {{Grocholski}, A.~J. and {Sarajedini}, A.},
    title = "{WIYN Open Cluster Study - XVI. Optical/infrared photometry and comparisons with theoretical isochrones}",
  journal = {MNRAS},
   eprint = {astro-ph/0307503},
 keywords = {stars: evolution, stars: fundamental parameters, Hertzsprung-Russell (HR) diagram, stars: late-type, open clusters and associations: general},
     year = 2003,
    month = nov,
   volume = 345,
    pages = {1015-1029},
      doi = {10.1046/j.1365-8711.2003.07028.x},
   adsurl = {http://adsabs.harvard.edu/abs/2003MNRAS.345.1015G},
  adsnote = {Provided by the SAO/NASA Astrophysics Data System}
}

@ARTICLE{Harris_2004,
   author = {{Harris}, J. and {Zaritsky}, D.},
    title = "{The Star Formation History of the Small Magellanic Cloud}",
  journal = {\aj},
   eprint = {astro-ph/0312100},
 keywords = {Galaxies: Evolution, Galaxies: Individual: Name: Small Magellanic Cloud, Galaxies: Stellar Content, Galaxies: Magellanic Clouds},
     year = 2004,
    month = mar,
   volume = 127,
    pages = {1531-1544},
      doi = {10.1086/381953},
   adsurl = {http://adsabs.harvard.edu/abs/2004AJ....127.1531H},
  adsnote = {Provided by the SAO/NASA Astrophysics Data System}
}

@article{Harris_2009,
  author={Jason Harris and Dennis Zaritsky},
  title={The Star Formation History of the Large Magellanic Cloud},
  journal={The Astronomical Journal},
  volume={138},
  number={5},
  pages={1243},
  url={http://stacks.iop.org/1538-3881/138/i=5/a=1243},
  year={2009},
}

@article{Haschke_2011,
  doi = {10.1088/0004-6256/141/5/158},
  url = {http://dx.doi.org/10.1088/0004-6256/141/5/158},
  year = {2011},
  month = {apr},
  publisher = {{IOP} Publishing},
  volume = {141},
  number = {5},
  pages = {158},
  author = {Raoul Haschke and Eva K. Grebel and Sonia Duffau},
  title = {{{NEW} {OPTICAL} {REDDENING} {MAPS} {OF} {THE} {LARGE} {AND} {SMALL} {MAGELLANIC} {CLOUDS}}},
  journal = {The Astronomical Journal},
}

@article{Hills_2015,
  doi = {10.1088/0004-6256/149/3/94},
  url = {http://dx.doi.org/10.1088/0004-6256/149/3/94},
  year = {2015},
  month = {feb},
  publisher = {{IOP} Publishing},
  volume = {149},
  number = {3},
  pages = {94},
  author = {Shane Hills and Ted von Hippel and St{\'{e}}phane Courteau and Aaron M. Geller},
  title = {{{BAYESIAN} {INVESTIGATION} {OF} {ISOCHRONE} {CONSISTENCY} {USING} {THE} {OLD} {OPEN} {CLUSTER} {NGC} 188}},
  journal = {The Astronomical Journal},
}

@INPROCEEDINGS{vonHippel_2014,
   author = {{von Hippel}, T. and {van Dyk}, D.~A. and {Stenning}, D.~C. and 
  {Robinson}, E. and {Jeffery}, E. and {Stein}, N. and {Jefferys}, W.~H. and 
  {O'Malley}, E.},
    title = "{The power of principled bayesian methods in the study of stellar evolution}",
booktitle = {EAS Publications Series},
     year = 2014,
   series = {EAS Publications Series},
   volume = 65,
    month = nov,
    pages = {267-287},
      doi = {10.1051/eas/1465007},
   adsurl = {http://adsabs.harvard.edu/abs/2014EAS....65..267V},
  adsnote = {Provided by the SAO/NASA Astrophysics Data System}
}

@article{Hunter_2003,
  doi = {10.1086/378056},
  url = {http://dx.doi.org/10.1086/378056},
  year = {2003},
  month = {oct},
  publisher = {{IOP} Publishing},
  volume = {126},
  number = {4},
  pages = {1836--1848},
  author = {Deidre A. Hunter and Bruce G. Elmegreen and Trent J. Dupuy and Michael Mortonson},
  title = {{Cluster Mass Functions in the Large and Small Magellanic Clouds: Fading and Size-of-Sample Effects}},
  journal = {Astron J},
}

@article{hunter_2007,
  title={Matplotlib: A 2D graphics environment},
  author={Hunter, John D and others},
  journal={Computing in science and engineering},
  volume={9},
  number={3},
  pages={90--95},
  year={2007}
}

@Misc{Jones_2001,
  author =    {Eric Jones and Travis Oliphant and Pearu Peterson and others},
  title =     {{SciPy}: Open source scientific tools for {Python}},
  year =      {2001},
  url = "http://www.scipy.org/",
  note = {[Online; accessed 2016-06-21]}
}

@ARTICLE{Kharchenko_2005,
   author = {{Kharchenko}, N.~V. and {Piskunov}, A.~E. and {R{\"o}ser}, S. and 
  {Schilbach}, E. and {Scholz}, R.-D.},
    title = "{109 new Galactic open clusters}",
  journal = {\aap},
   eprint = {astro-ph/0505019},
 keywords = {techniques: photometric, catalogs, astrometry, stars: kinematics, open clusters and associations: general, Galaxy: stellar content},
     year = 2005,
    month = sep,
   volume = 440,
    pages = {403-408},
      doi = {10.1051/0004-6361:20052740},
   adsurl = {http://adsabs.harvard.edu/abs/2005A%26A...440..403K},
  adsnote = {Provided by the SAO/NASA Astrophysics Data System}
}

@ARTICLE{Knuth_2006,
   author = {{Knuth}, K.~H.},
    title = "{Optimal Data-Based Binning for Histograms}",
  journal = {ArXiv Physics e-prints},
   eprint = {physics/0605197},
 keywords = {Physics - Data Analysis, Statistics and Probability, Mathematics - Probability, Mathematics - Statistics Theory, Physics - Computational Physics},
     year = 2006,
    month = may,
   adsurl = {http://adsabs.harvard.edu/abs/2006physics...5197K},
  adsnote = {Provided by the SAO/NASA Astrophysics Data System}
}

@Article{Krouwer_2008,
   Author="Krouwer, J. S. ",
   Title="{{W}hy {B}land-{A}ltman plots should use {X}, not ({Y}+{X})/2 when {X} is a reference method}",
   Journal="Stat Med",
   Year="2008",
   Volume="27",
   Number="5",
   Pages="778--780",
   Month="Feb"
}

@ARTICLE{Leitherer_1999,
   author = {{Leitherer}, C. and {Schaerer}, D. and {Goldader}, J.~D. and 
  {Delgado}, R.~M.~G. and {Robert}, C. and {Kune}, D.~F. and {de Mello}, D.~F. and 
  {Devost}, D. and {Heckman}, T.~M.},
    title = "{Starburst99: Synthesis Models for Galaxies with Active Star Formation}",
  journal = {\apjs},
   eprint = {astro-ph/9902334},
 keywords = {GALAXIES: EVOLUTION, GALAXIES: FUNDAMENTAL PARAMETERS, GALAXIES: STARBURST, GALAXIES: STELLAR CONTENT, METHODS: NUMERICAL, Galaxies: Evolution, Galaxies: Fundamental Parameters, Galaxies: Starburst, Galaxies: Stellar Content, Methods: Numerical},
     year = 1999,
    month = jul,
   volume = 123,
    pages = {3-40},
      doi = {10.1086/313233},
   adsurl = {http://adsabs.harvard.edu/abs/1999ApJS..123....3L},
  adsnote = {Provided by the SAO/NASA Astrophysics Data System}
}

@ARTICLE{Lejeune_2001,
   author = {{Lejeune}, T. and {Schaerer}, D.},
    title = "{Database of Geneva stellar evolution tracks and isochrones for (UBV)$_{J}$(RI)$_{C}$ JHKLL'M, HST-WFPC2, Geneva and Washington photometric systems}",
  journal = {\aap},
   eprint = {astro-ph/0011497},
 keywords = {STARS: GENERAL, STARS: EVOLUTION, STARS: HERTZSPRUNG-RUSSELL DIAGRAM, STARS: FUNDAMENTAL PARAMETERS},
     year = 2001,
    month = feb,
   volume = 366,
    pages = {538-546},
      doi = {10.1051/0004-6361:20000214},
   adsurl = {http://adsabs.harvard.edu/abs/2001A%26A...366..538L},
  adsnote = {Provided by the SAO/NASA Astrophysics Data System}
}

@ARTICLE{Li_2016,
   author = {{Li}, C. and {Grijs Richard}, d. and {Bastian}, N. and {Deng}, L. and 
  {Niederhofer}, F. and {Zhang}, C.},
    title = "{The tight subgiant branch of the intermediate-age star cluster NGC 411 implies a single-aged stellar population}",
  journal = {ArXiv e-prints},
archivePrefix = "arXiv",
   eprint = {1606.05394},
 keywords = {Astrophysics - Astrophysics of Galaxies, Astrophysics - Solar and Stellar Astrophysics},
     year = 2016,
    month = jun,
   adsurl = {http://adsabs.harvard.edu/abs/2016arXiv160605394L},
  adsnote = {Provided by the SAO/NASA Astrophysics Data System}
}

@ARTICLE{Livanou_2013,
   author = {{Livanou}, E. and {Dapergolas}, A. and {Kontizas}, M. and {Nordstr{\"o}m}, B. and 
  {Kontizas}, E. and {Andersen}, J. and {Dirsch}, B. and {Karampelas}, A.
  },
    title = "{Age - metallicity relation in the Magellanic Clouds clusters}",
  journal = {\aap},
 keywords = {Magellanic Clouds, galaxies: abundances, galaxies: clusters: general},
     year = 2013,
    month = jun,
   volume = 554,
      eid = {A16},
    pages = {A16},
      doi = {10.1051/0004-6361/201220926},
   adsurl = {http://adsabs.harvard.edu/abs/2013A%26A...554A..16L},
  adsnote = {Provided by the SAO/NASA Astrophysics Data System}
}

@ARTICLE{Maia_2010,
   author = {{Maia}, F.~F.~S. and {Corradi}, W.~J.~B. and {Santos}, Jr., J.~F.~C.
  },
    title = "{Characterization and photometric membership of the open cluster NGC1981}",
  journal = {MNRAS},
archivePrefix = "arXiv",
   eprint = {1005.3047},
 primaryClass = "astro-ph.SR",
 keywords = {open clusters and associations: general, open clusters and associations: individual: NGC1981, stars: pre-main-sequence, Galaxy: stellar content},
     year = 2010,
    month = sep,
   volume = 407,
    pages = {1875-1886},
      doi = {10.1111/j.1365-2966.2010.17034.x},
   adsurl = {http://adsabs.harvard.edu/abs/2010MNRAS.407.1875M},
  adsnote = {Provided by the SAO/NASA Astrophysics Data System}
}

@article{Maia_2013,
  doi = {10.1093/mnras/stt2039},
  url = {http://dx.doi.org/10.1093/mnras/stt2039},
  year = {2013},
  month = {nov},
  publisher = {Oxford University Press ({OUP})},
  volume = {437},
  number = {2},
  pages = {2005--2016},
  author = {F. F. S. Maia and A. E. Piatti and J. F. C. Santos},
  title = {{Mass distribution and structural parameters of Small Magellanic Cloud star clusters}},
  journal = {Monthly Notices of the Royal Astronomical Society},
}

@ARTICLE{Marigo_2008,
   author = {{Marigo}, P. and {Girardi}, L. and {Bressan}, A. and {Groenewegen}, M.~A.~T. and 
  {Silva}, L. and {Granato}, G.~L.},
    title = "{Evolution of asymptotic giant branch stars. II. Optical to far-infrared isochrones with improved TP-AGB models}",
  journal = {A\&A},
archivePrefix = "arXiv",
   eprint = {0711.4922},
 keywords = {astronomical data bases: miscellaneous, stars: AGB and post-AGB, stars: carbon, stars: evolution, galaxies: Magellanic Clouds, stars: Hertzsprung-Russell (HR) and C-M diagrams},
     year = 2008,
    month = may,
   volume = 482,
    pages = {883-905},
      doi = {10.1051/0004-6361:20078467},
   adsurl = {http://adsabs.harvard.edu/abs/2008A%26A...482..883M},
  adsnote = {Provided by the SAO/NASA Astrophysics Data System}
}

@ARTICLE{vdMarel_2001,
   author = {{van der Marel}, R.~P. and {Cioni}, M.-R.~L.},
    title = "{Magellanic Cloud Structure from Near-Infrared Surveys. I. The Viewing Angles of the Large Magellanic Cloud}",
  journal = {\aj},
   eprint = {astro-ph/0105339},
 keywords = {Stars: Color-Magnitude Diagrams, Galaxies: Fundamental Parameters, Galaxies: Structure, Galaxies: Magellanic Clouds, Stars: AGB and Post-AGB},
     year = 2001,
    month = oct,
   volume = 122,
    pages = {1807-1826},
      doi = {10.1086/323099},
   adsurl = {http://adsabs.harvard.edu/abs/2001AJ....122.1807V},
  adsnote = {Provided by the SAO/NASA Astrophysics Data System}
}


@ARTICLE{vdMarel_2002,
   author = {{van der Marel}, R.~P. and {Alves}, D.~R. and {Hardy}, E. and 
  {Suntzeff}, N.~B.},
    title = "{New Understanding of Large Magellanic Cloud Structure, Dynamics, and Orbit from Carbon Star Kinematics}",
  journal = {\aj},
   eprint = {astro-ph/0205161},
 keywords = {Galaxies: Distances and Redshifts, Galaxies: Kinematics and Dynamics, Galaxies: Local Group, Galaxies: Magellanic Clouds},
     year = 2002,
    month = nov,
   volume = 124,
    pages = {2639-2663},
      doi = {10.1086/343775},
   adsurl = {http://adsabs.harvard.edu/abs/2002AJ....124.2639V},
  adsnote = {Provided by the SAO/NASA Astrophysics Data System}
}

@ARTICLE{Mateo_1986,
   author = {{Mateo}, M. and {Hodge}, P.},
    title = "{CCD photometry of Large Magellanic Cloud clusters. II - The intermediate-age cluster H4}",
  journal = {\apjs},
 keywords = {Charge Coupled Devices, Magellanic Clouds, Star Clusters, Stellar Spectrophotometry, Color-Magnitude Diagram, Stellar Color, Stellar Evolution, Stellar Motions, Tables (Data), Ubv Spectra},
     year = 1986,
    month = apr,
   volume = 60,
    pages = {893-937},
      doi = {10.1086/191104},
   adsurl = {http://adsabs.harvard.edu/abs/1986ApJS...60..893M},
  adsnote = {Provided by the SAO/NASA Astrophysics Data System}
}

@ARTICLE{Meschin_2014,
   author = {{Meschin}, I. and {Gallart}, C. and {Aparicio}, A. and {Hidalgo}, S.~L. and 
  {Monelli}, M. and {Stetson}, P.~B. and {Carrera}, R.},
    title = "{Spatially resolved LMC star formation history - I. Outside in evolution of the outer LMC disc}",
  journal = {MNRAS},
archivePrefix = "arXiv",
   eprint = {1312.2584},
 keywords = {Hertzsprung-Russell and colour-magnitude diagrams, galaxies: evolution, Magellanic Clouds, galaxies: stellar content, galaxies: structure},
     year = 2014,
    month = feb,
   volume = 438,
    pages = {1067-1080},
      doi = {10.1093/mnras/stt2220},
   adsurl = {http://adsabs.harvard.edu/abs/2014MNRAS.438.1067M},
  adsnote = {Provided by the SAO/NASA Astrophysics Data System}
}

@ARTICLE{Milone_2009,
   author = {{Milone}, A.~P. and {Bedin}, L.~R. and {Piotto}, G. and {Anderson}, J.
  },
    title = "{Multiple stellar populations in Magellanic Cloud clusters. I. An ordinary feature for intermediate age globulars in the LMC?}",
  journal = {\aap},
archivePrefix = "arXiv",
   eprint = {0810.2558},
 keywords = {galaxies: star clusters, stars: Hertzprung-Russell (HR) and C-M diagram, Galaxy: globular clusters: general, galaxies: Magellanic Clouds},
     year = 2009,
    month = apr,
   volume = 497,
    pages = {755-771},
      doi = {10.1051/0004-6361/200810870},
   adsurl = {http://adsabs.harvard.edu/abs/2009A%26A...497..755M},
  adsnote = {Provided by the SAO/NASA Astrophysics Data System}
}

@ARTICLE{Milone_2016,
   author = {{Milone}, A.~P. and {Marino}, A.~F. and {D'Antona}, F. and {Bedin}, L.~R. and 
  {Da Costa}, G.~S. and {Jerjen}, H. and {Mackey}, A.~D.},
    title = "{Multiple stellar populations in Magellanic Cloud clusters - IV. The double main sequence of the young cluster NGC 1755}",
  journal = {MNRAS},
archivePrefix = "arXiv",
   eprint = {1603.03493},
 primaryClass = "astro-ph.SR",
 keywords = {techniques: photometric, binaries: visual, stars: rotation, globular clusters: individual: NGC1755, NGC1856, NGC1749, Magellanic Clouds},
     year = 2016,
    month = jun,
   volume = 458,
    pages = {4368-4382},
      doi = {10.1093/mnras/stw608},
   adsurl = {http://adsabs.harvard.edu/abs/2016MNRAS.458.4368M},
  adsnote = {Provided by the SAO/NASA Astrophysics Data System}
}

@ARTICLE{Naylor_2006,
   author = {{Naylor}, T. and {Jeffries}, R.~D.},
    title = "{A maximum-likelihood method for fitting colour-magnitude diagrams}",
  journal = {MNRAS},
   eprint = {astro-ph/0609764},
 keywords = {methods: data analysis, methods: statistical, techniques: photometric, stars: fundamental parameters, open clusters and associations: general, open clusters and associations: individual: NGC2547},
     year = 2006,
    month = dec,
   volume = 373,
    pages = {1251-1263},
      doi = {10.1111/j.1365-2966.2006.11099.x},
   adsurl = {http://adsabs.harvard.edu/abs/2006MNRAS.373.1251N},
  adsnote = {Provided by the SAO/NASA Astrophysics Data System}
}

@article{Netopil_2015,
  doi = {10.1051/0004-6361/201526372},
  url = {http://dx.doi.org/10.1051/0004-6361/201526372},
  year = {2015},
  month = {aug},
  publisher = {{EDP} Sciences},
  author = {M. Netopil and E. Paunzen and G. Carraro},
  title = {{A comparative study on the reliability of open cluster parameters}},
  journal = {Astronomy {\&} Astrophysics},
}

@article{Nidever_2013,
  author={David L. Nidever and Antonela Monachesi and Eric F. Bell and Steven R. Majewski and Ricardo R. Muñoz and Rachael L.
Beaton},
  title={A Tidally Stripped Stellar Component of the Magellanic Bridge},
  journal={The Astrophysical Journal},
  volume={779},
  number={2},
  pages={145},
  url={http://stacks.iop.org/0004-637X/779/i=2/a=145},
  year={2013},
  abstract={Deep photometry of the Small Magellanic Cloud (SMC) stellar periphery ( R = 4°, 4.2 kpc) is used to study its line-of-sight depth with red clump (RC) stars. The RC luminosity function is affected little by young ( ##IMG## [http://ej.iop.org/icons/Entities/lsim.gif] {lsim} 1 Gyr) blue-loop stars in these regions because their main-sequence counterparts are not observed in the color-magnitude diagrams. The SMCs eastern side is found to have a large line-of-sight depth (~23 kpc) while the western side has a much shallower depth (~10 kpc), consistent with previous photographic plate photometry results. We use a model SMC RC luminosity function to deconvolve the observed RC magnitudes and construct the density function in distance for our fields. Three of the eastern fields show a distance bimodality with one component at the "systemic" ~67 kpc SMC distance and a second component at ~55 kpc. Our data are not reproduced well by the various extant Magellanic Cloud and Stream simulations. However, the models predict that the known H I Magellanic Bridge (stretching from the SMC eastward toward the Large Magellanic Cloud, LMC) has a decreasing distance with angle from the SMC and should be seen in both the gaseous and stellar components. From comparison with these models, we conclude that the most likely explanation for our newly identified ~55 kpc stellar structure in the eastern SMC is a stellar counterpart of the H I Magellanic Bridge that was tidally stripped from the SMC ~200 Myr ago during a close encounter with the LMC. This discovery has important implications for microlensing surveys of the SMC.}
}

@article{Noel_2009,
  doi = {10.1088/0004-637x/705/2/1260},
  url = {http://dx.doi.org/10.1088/0004-637X/705/2/1260},
  year = {2009},
  month = {oct},
  publisher = {{IOP} Publishing},
  volume = {705},
  number = {2},
  pages = {1260--1274},
  author = {Noelia E. D. No\"el and Antonio Aparicio and Carme Gallart and Sebasti{\'{a}}n L. Hidalgo and Edgardo Costa and Ren{\'{e}} A. M{\'{e}}ndez},
  title = {{{OLD} {MAIN}-{SEQUENCE} {TURNOFF} {PHOTOMETRY} {IN} {THE} {SMALL} {MAGELLANIC} {CLOUD}. {II}. {STAR} {FORMATION} {HISTORY} {AND} {ITS} {SPATIAL} {GRADIENTS}}},
  journal = {{ApJ}},
}

@ARTICLE{Ochsenbein_2000,
   author = {{Ochsenbein}, F. and {Bauer}, P. and {Marcout}, J.},
    title = "{The VizieR database of astronomical catalogues}",
  journal = {\aaps},
   eprint = {astro-ph/0002122},
 keywords = {ASTRONOMICAL DATA BASES: MISCELLANEOUS, CATALOGS},
     year = 2000,
    month = apr,
   volume = 143,
    pages = {23-32},
      doi = {10.1051/aas:2000169},
   adsurl = {http://cdsads.u-strasbg.fr/abs/2000A%26AS..143...23O},
  adsnote = {Provided by the SAO/NASA Astrophysics Data System}
}

@ARTICLE{Pagel_1998,
   author = {{Pagel}, B.~E.~J. and {Tautvaisiene}, G.},
    title = "{Chemical evolution of the Magellanic Clouds: analytical models}",
  journal = {MNRAS},
   eprint = {astro-ph/9801221},
 keywords = {METHODS: ANALYTICAL, STARS: ABUNDANCES, STARS: LUMINOSITY FUNCTION, MASS FUNCTION, SUPERNOVAE: GENERAL, MAGELLANIC CLOUDS},
     year = 1998,
    month = sep,
   volume = 299,
    pages = {535-544},
      doi = {10.1046/j.1365-8711.1998.01792.x},
   adsurl = {http://adsabs.harvard.edu/abs/1998MNRAS.299..535P},
  adsnote = {Provided by the SAO/NASA Astrophysics Data System}
}

@article{Palma_2013,
  doi = {10.1051/0004-6361/201220786},
  url = {http://dx.doi.org/10.1051/0004-6361/201220786},
  year = {2013},
  month = {jul},
  publisher = {{EDP} Sciences},
  volume = {555},
  pages = {A131},
  author = {T. Palma and J. J. Clari{\'{a}} and D. Geisler and A. E. Piatti and A. V. Ahumada},
  title = {{A sample of relatively unstudied star clusters in the Large Magellanic Cloud: fundamental parameters determined from Washington photometry}},
  journal = {Astronomy {\&} Astrophysics},
}

@article{Palma_2015,
  doi = {10.1093/mnras/stv762},
  url = {http://dx.doi.org/10.1093/mnras/stv762},
  year = {2015},
  month = {apr},
  publisher = {Oxford University Press ({OUP})},
  volume = {450},
  number = {2},
  pages = {2122--2131},
  author = {T. Palma and J. J. Claria and D. Geisler and L. V. Gramajo and A. V. Ahumada},
  title = {{Probing the Large Magellanic Cloud{\textquotesingle}s recent chemical enrichment history through its star clusters}},
  journal = {Monthly Notices of the Royal Astronomical Society},
}

@ARTICLE{Palma_2015b,
   author = {{Palma}, T. and {Gramajo}, L.~V. and {Clari{\'a}}, J.~J. and 
  {Lares}, M. and {Geisler}, D. and {Ahumada}, A.~V.},
    title = "{A catalogue of Large Magellanic Cloud star clusters observed in the Washington photometric system}",
  journal = {ArXiv e-prints},
archivePrefix = "arXiv",
   eprint = {1511.05451},
 primaryClass = "astro-ph.SR",
 keywords = {Astrophysics - Solar and Stellar Astrophysics, Astrophysics - Astrophysics of Galaxies},
     year = 2015,
    month = nov,
   adsurl = {http://adsabs.harvard.edu/abs/2015arXiv151105451P},
  adsnote = {Provided by the SAO/NASA Astrophysics Data System}
}

@ARTICLE{Paunzen_2006,
   author = {{Paunzen}, E. and {Netopil}, M.},
    title = "{On the current status of open-cluster parameters}",
  journal = {MNRAS},
   eprint = {astro-ph/0607421},
 keywords = {open clusters and associations: general},
     year = 2006,
    month = oct,
   volume = 371,
    pages = {1641-1647},
      doi = {10.1111/j.1365-2966.2006.10783.x},
   adsurl = {http://adsabs.harvard.edu/abs/2006MNRAS.371.1641P},
  adsnote = {Provided by the SAO/NASA Astrophysics Data System}
}

@article{pedregosa_2011,
  title={Scikit-learn: Machine learning in Python},
  author={Pedregosa, Fabian and Varoquaux, Ga{\"e}l and Gramfort, Alexandre and Michel, Vincent and Thirion, Bertrand and Grisel, Olivier and Blondel, Mathieu and Prettenhofer, Peter and Weiss, Ron and Dubourg, Vincent and others},
  journal={Journal of Machine Learning Research},
  volume={12},
  number={Oct},
  pages={2825--2830},
  year={2011}
}

@article{Perren_2015,
  doi = {10.1051/0004-6361/201424946},
  url = {http://dx.doi.org/10.1051/0004-6361/201424946},
  year = {2015},
  month = {mar},
  publisher = {{EDP} Sciences},
  volume = {576},
  pages = {A6},
  author = {G. I. Perren and R. A. V{\'{a}}zquez and A. E. Piatti},
  title = {{{ASteCA}: Automated Stellar Cluster Analysis}},
  journal = {Astronomy {\&} Astrophysics},
}

@ARTICLE{Phelps_1994,
   author = {{Phelps}, R.~L. and {Janes}, K.~A. and {Montgomery}, K.~A.},
    title = "{Development of the Galactic disk: A search for the oldest open clusters}",
  journal = {\aj},
 keywords = {Age Factor, Astronomical Catalogs, Color-Magnitude Diagram, Disk Galaxies, Evolution (Development), Open Clusters, Astronomical Observatories, Astronomical Photometry, Charge Coupled Devices, Histograms, Optical Filters, Point Spread Functions, Telescopes},
     year = 1994,
    month = mar,
   volume = 107,
    pages = {1079-1096},
      doi = {10.1086/116920},
   adsurl = {http://adsabs.harvard.edu/abs/1994AJ....107.1079P},
  adsnote = {Provided by the SAO/NASA Astrophysics Data System}
}

@article{Piatti_2003b,
  doi = {10.1046/j.1365-8711.2003.06887.x},
  url = {http://dx.doi.org/10.1046/j.1365-8711.2003.06887.x},
  year = {2003},
  month = {sep},
  publisher = {Oxford University Press ({OUP})},
  volume = {344},
  number = {3},
  pages = {965--977},
  author = {Andres E. Piatti and Eduardo Bica and Doug Geisler and Juan J. Claria},
  title = {{Fundamental parameters of the {LMC} clusters {NGC} 1836 {NGC} 1860, {NGC} 1865, {SL} 444, {LW} 224 and {SL} 548}},
  journal = {Monthly Notices {RAS}},
}

@article{Piatti_2003a,
  doi = {10.1046/j.1365-8711.2003.06727.x},
  url = {http://dx.doi.org/10.1046/j.1365-8711.2003.06727.x},
  year = {2003},
  month = {aug},
  publisher = {Oxford University Press ({OUP})},
  volume = {343},
  number = {3},
  pages = {851--862},
  author = {A. E. Piatti and D. Geisler and E. Bica and J. J. Claria},
  title = {{Young star clusters immersed in intermediate-age fields in the Large Magellanic Cloud bar}},
  journal = {Monthly Notices of the Royal Astronomical Society},
}

@article{Piatti_2005,
  doi = {10.1111/j.1365-2966.2005.08694.x},
  url = {http://dx.doi.org/10.1111/j.1365-2966.2005.08694.x},
  year = {2005},
  month = {apr},
  publisher = {Oxford University Press ({OUP})},
  volume = {358},
  number = {4},
  pages = {1215--1230},
  author = {Andr{\'{e}}s E. Piatti and Ata Sarajedini and Doug Geisler and Juan Seguel and David Clark},
  title = {{Tracing the formation history of intermediate-age star clusters in the Small Magellanic Cloud}},
  journal = {Monthly Notices of the Royal Astronomical Society},
}

@article{Piatti_2007a,
  doi = {10.1111/j.1365-2966.2007.11604.x},
  url = {http://dx.doi.org/10.1111/j.1365-2966.2007.11604.x},
  year = {2007},
  month = {may},
  publisher = {Oxford University Press ({OUP})},
  volume = {377},
  number = {1},
  pages = {300--316},
  author = {A. E. Piatti and A. Sarajedini and D. Geisler and D. Clark and J. Seguel},
  title = {{Young star clusters immersed in intermediate-age fields in the Small Magellanic Cloud}},
  journal = {Monthly Notices of the Royal Astronomical Society},
}

@article{Piatti_2007b,
  doi = {10.1111/j.1745-3933.2007.00373.x},
  url = {http://dx.doi.org/10.1111/j.1745-3933.2007.00373.x},
  year = {2007},
  month = {oct},
  publisher = {Oxford University Press ({OUP})},
  volume = {381},
  number = {1},
  pages = {L84--L88},
  author = {A. E. Piatti and A. Sarajedini and D. Geisler and C. Gallart and M. Wischnjewsky},
  title = {{Two newly identified relatively old star clusters in the Small Magellanic Cloud}},
  journal = {Monthly Notices of the Royal Astronomical Society: Letters},
}

@article{Piatti_2007c,
  doi = {10.1111/j.1365-2966.2007.12439.x},
  url = {http://dx.doi.org/10.1111/j.1365-2966.2007.12439.x},
  year = {2007},
  month = {nov},
  publisher = {Oxford University Press ({OUP})},
  volume = {382},
  number = {3},
  pages = {1203--1212},
  author = {Andr{\'{e}}s E. Piatti and Ata Sarajedini and Doug Geisler and Carme Gallart and Marina Wischnjewsky},
  title = {{Five young star clusters in the outer region of the Small Magellanic Cloud}},
  journal = {Monthly Notices of the Royal Astronomical Society},
}

@article{Piatti_2008,
  doi = {10.1111/j.1365-2966.2008.13593.x},
  url = {http://dx.doi.org/10.1111/j.1365-2966.2008.13593.x},
  year = {2008},
  month = {sep},
  publisher = {Oxford University Press ({OUP})},
  volume = {389},
  number = {1},
  pages = {429--440},
  author = {Andr{\'{e}}s E. Piatti and Doug Geisler and Ata Sarajedini and Carme Gallart and Marina Wischnjewsky},
  title = {{Seven young star clusters in the inner region of the Small Magellanic Cloud}},
  journal = {Monthly Notices of the Royal Astronomical Society},
}

@article{Piatti_2009,
  doi = {10.1051/0004-6361/200912223},
  url = {http://dx.doi.org/10.1051/0004-6361/200912223},
  year = {2009},
  month = {jul},
  publisher = {{EDP} Sciences},
  volume = {501},
  number = {2},
  pages = {585--593},
  author = {A. E. Piatti and D. Geisler and A. Sarajedini and C. Gallart},
  title = {{Washington photometry of five star clusters in the Large Magellanic Cloud}},
  journal = {Astronomy and Astrophysics},
}

@article{Piatti_2010_AMR,
  doi = {10.1051/0004-6361/201014216},
  url = {http://dx.doi.org/10.1051/0004-6361/201014216},
  year = {2010},
  month = {apr},
  publisher = {{EDP} Sciences},
  volume = {513},
  pages = {L13},
  author = {A. E. Piatti},
  title = {{Evidence of enhanced formation episodes in the Galactic open cluster system}},
  journal = {Astronomy and Astrophysics},
}

@article{Piatti_etal_2011a,
  doi = {10.1086/659848},
  url = {http://dx.doi.org/10.1086/659848},
  year = {2011},
  month = {may},
  publisher = {University of Chicago Press},
  volume = {123},
  number = {903},
  pages = {519--530},
  author = {Andr{\'{e}}s E. Piatti and Juan J. Clari{\'{a}} and Mar{\'{\i}}a Celeste Parisi and Andrea V. Ahumada},
  title = {{First Estimates of the Fundamental Parameters of Three Large Magellanic Cloud Clusters}},
  journal = {Publications of the Astronomical Society of the Pacific},
}

@article{Piatti_etal_2011b,
  doi = {10.1111/j.1365-2966.2011.18627.x},
  url = {http://dx.doi.org/10.1111/j.1365-2966.2011.18627.x},
  year = {2011},
  month = {sep},
  publisher = {Oxford University Press ({OUP})},
  volume = {417},
  number = {2},
  pages = {1559--1575},
  author = {Andr{\'{e}}s E. Piatti and Juan J. Clari{\'{a}} and Eduardo Bica and Doug Geisler and Andrea V. Ahumada and L{\'{e}}o Girardi},
  title = {{Washington photometry of 14 intermediate-age to old star clusters in the Small Magellanic Cloud}},
  journal = {Monthly Notices of the Royal Astronomical Society},
}

@article{Piatti_2011a,
  doi = {10.1111/j.1745-3933.2011.01105.x},
  url = {http://dx.doi.org/10.1111/j.1745-3933.2011.01105.x},
  year = {2011},
  month = {jul},
  publisher = {Oxford University Press ({OUP})},
  volume = {416},
  number = {1},
  pages = {L89--L93},
  author = {Andr{\'{e}}s E. Piatti},
  title = {{New candidate intermediate-age star clusters in the Small Magellanic Cloud}},
  journal = {Monthly Notices of the Royal Astronomical Society: Letters},
}

@article{Piatti_2011b,
  doi = {10.1111/j.1745-3933.2011.01139.x},
  url = {http://dx.doi.org/10.1111/j.1745-3933.2011.01139.x},
  year = {2011},
  month = {sep},
  publisher = {Oxford University Press ({OUP})},
  volume = {418},
  number = {1},
  pages = {L40--L44},
  author = {Andr{\'{e}}s E. Piatti},
  title = {{New insights on the bursting formation of star clusters in the Large Magellanic Cloud}},
  journal = {Monthly Notices of the Royal Astronomical Society: Letters},
}

@article{Piatti_2011c,
  doi = {10.1111/j.1745-3933.2011.01145.x},
  url = {http://dx.doi.org/10.1111/j.1745-3933.2011.01145.x},
  year = {2011},
  month = {sep},
  publisher = {Oxford University Press ({OUP})},
  volume = {418},
  number = {1},
  pages = {L69--L73},
  author = {Andr{\'{e}}s E. Piatti},
  title = {{Towards a comprehensive picture of the star cluster age-metallicity relationship in the Small Magellanic Cloud}},
  journal = {Monthly Notices of the Royal Astronomical Society: Letters},
}

@article{Piatti_2012a,
  doi = {10.1051/0004-6361/201118123},
  url = {http://dx.doi.org/10.1051/0004-6361/201118123},
  year = {2012},
  month = {mar},
  publisher = {{EDP} Sciences},
  volume = {540},
  pages = {A58},
  author = {A. E. Piatti},
  title = {{Washington photometry of 26 moderately young small angular size clusters in the Large Magellanic Cloud}},
  journal = {Astronomy {\&} Astrophysics},
}

@article{Piatti_2012b,
  doi = {10.1111/j.1365-2966.2012.21694.x},
  url = {http://dx.doi.org/10.1111/j.1365-2966.2012.21694.x},
  year = {2012},
  month = {sep},
  publisher = {Oxford University Press ({OUP})},
  volume = {425},
  number = {4},
  pages = {3085--3093},
  author = {Andr{\'{e}}s E. Piatti and Eduardo Bica},
  title = {{Washington photometry of candidate star clusters in the Small Magellanic Cloud}},
  journal = {Monthly Notices of the Royal Astronomical Society},
}

@article{Piatti_Geisler_2013,
  author={Andrés E. Piatti and Doug Geisler},
  title={The Age-Metallicity Relationship of the Large Magellanic Cloud Field Star Population from Wide-field Washington Photometry},
  journal={The Astronomical Journal},
  volume={145},
  number={1},
  pages={17},
  url={http://stacks.iop.org/1538-3881/145/i=1/a=17},
  year={2013},
}

@article{Piatti_2013_CF,
  doi = {10.1093/mnras/stt1998},
  url = {http://dx.doi.org/10.1093/mnras/stt1998},
  year = {2013},
  month = {nov},
  publisher = {Oxford University Press ({OUP})},
  volume = {437},
  number = {2},
  pages = {1646--1661},
  author = {A. E. Piatti},
  title = {{The star cluster frequency throughout the Large Magellanic Cloud}},
  journal = {Monthly Notices of the Royal Astronomical Society},
}

@article{Piatti_2014,
  doi = {10.1051/0004-6361/201424175},
  url = {http://dx.doi.org/10.1051/0004-6361/201424175},
  year = {2014},
  month = {oct},
  publisher = {{EDP} Sciences},
  volume = {570},
  pages = {A74},
  author = {Andr{\'{e}}s E. Piatti and Roald Guandalini and Valentin D. Ivanov and Stefano Rubele and Maria-Rosa L. Cioni and Richard de Grijs and Bi-Qing For and Gisella Clementini and Vincenzo Ripepi and Peter Anders and Joana M. Oliveira},
  title = {{The {VMC} Survey XII. Star cluster candidates in the Large Magellanic Cloud}},
  journal = {Astronomy {\&} Astrophysics},
}

@ARTICLE{Piatti_2014_B88,
   author = {{Piatti}, A.~E.},
    title = "{Bruck 88: a young star cluster with an old age resemblance in the outskirts of the Small Magellanic Cloud}",
  journal = {MNRAS},
archivePrefix = "arXiv",
   eprint = {1409.3772},
 keywords = {techniques: photometric, techniques: spectroscopic, galaxies: individual: SMC, Magellanic Clouds, galaxies: star clusters: general},
     year = 2014,
    month = dec,
   volume = 445,
    pages = {2302-2312},
      doi = {10.1093/mnras/stu1917},
   adsurl = {http://adsabs.harvard.edu/abs/2014MNRAS.445.2302P},
  adsnote = {Provided by the SAO/NASA Astrophysics Data System}
}

@article{Piatti_2014_prob,
  doi = {10.1093/mnras/stu534},
  url = {http://dx.doi.org/10.1093/mnras/stu534},
  year = {2014},
  month = {apr},
  publisher = {Oxford University Press ({OUP})},
  volume = {440},
  number = {4},
  pages = {3091--3099},
  author = {A. E. Piatti},
  title = {{Disentangling the physical reality of star cluster candidates projected towards the inner disc of the Large Magellanic Cloud}},
  journal = {Monthly Notices of the Royal Astronomical Society},
}

@ARTICLE{Piatti_2015a,
   author = {{Piatti}, A.~E. and {de Grijs}, R. and {Rubele}, S. and {Cioni}, M.-R.~L. and 
  {Ripepi}, V. and {Kerber}, L.},
    title = "{The VMC survey - XV. The Small Magellanic Cloud-Bridge connection history as traced by their star cluster populations}",
  journal = {MNRAS},
   eprint = {1503.06656},
 keywords = {techniques: photometric - galaxies: individual: SMC, Magellanic Clouds},
     year = {2015},
    month = {jun},
   volume = 450,
    pages = {552-563},
      doi = {10.1093/mnras/stv635},
   adsurl = {http://adsabs.harvard.edu/abs/2015MNRAS.450..552P},
  adsnote = {Provided by the SAO/NASA Astrophysics Data System}
}

@ARTICLE{Piatti_2015b,
   author = {{Piatti}, A.~E. and {de Grijs}, R. and {Ripepi}, V. and {Ivanov}, V.~D. and 
  {Cioni}, M.-R.~L. and {Marconi}, M. and {Rubele}, S. and {Bekki}, K. and 
  {For}, B.-Q.},
    title = "{The VMC survey - XVI. Spatial variation of the cluster formation activity in the innermost regions of the Large Magellanic Cloud}",
  journal = {MNRAS},
archivePrefix = "arXiv",
   eprint = {1509.00827},
 keywords = {techniques: photometric, galaxies: individual: LMC, Magellanic Clouds},
     year = 2015,
    month = nov,
   volume = 454,
    pages = {839-848},
      doi = {10.1093/mnras/stv2054},
   adsurl = {http://adsabs.harvard.edu/abs/2015MNRAS.454..839P},
  adsnote = {Provided by the SAO/NASA Astrophysics Data System}
}

@ARTICLE{Piatti_Bastian_2016,
   author = {{Piatti}, A.~E. and {Bastian}, N.},
    title = "{Extended Main Sequence Turn-Offs in Low Mass Intermediate Age Clusters}",
  journal = {ArXiv e-prints},
archivePrefix = "arXiv",
   eprint = {1603.06891},
 keywords = {Astrophysics - Astrophysics of Galaxies},
     year = 2016,
    month = mar,
   adsurl = {http://adsabs.harvard.edu/abs/2016arXiv160306891P},
  adsnote = {Provided by the SAO/NASA Astrophysics Data System}
}

@ARTICLE{Pietrzynski1999,
  author = {{Pietrzynski}, G. and {Udalski}, A.},
  title = {{The Optical Gravitational Lensing Experiment. Age of Star Clusters from the SMC}},
  journal = {AcA},
  eprint = {astro-ph/9906339},
  keywords = {MAGELLANIC CLOUDS, GALAXIES: STAR CLUSTERS},
  year = {1999},
  month = {jun},
  volume = {49},
  pages = {157-164},
  adsurl = {http://adsabs.harvard.edu/abs/1999AcA....49..157P},
  adsnote = {Provided by the SAO/NASA Astrophysics Data System},
}

@ARTICLE{Pietrzynski2000,
  author = {{Pietrzynski}, G. and {Udalski}, A.},
  title = {{The Optical Gravitational Lensing Experiment. Ages of about 600 Star Clusters from the LMC}},
  journal = {AcA},
  eprint = {astro-ph/0010360},
  keywords = {MAGELLANIC CLOUDS, GALAXIES: STAR CLUSTERS},
  year = {2000},
  month = {sep},
  volume = {50},
  pages = {337-354},
  adsurl = {http://adsabs.harvard.edu/abs/2000AcA....50..337P},
  adsnote = {Provided by the SAO/NASA Astrophysics Data System},
}

@article{Popescu_2009,
  author={Bogdan Popescu and M. M. Hanson},
  title={MASSCLEAN—Massive Cluster Evolution and Analysis Package: Description and Tests},
  journal={The Astronomical Journal},
  volume={138},
  number={6},
  pages={1724},
  url={http://stacks.iop.org/1538-3881/138/i=6/a=1724},
  year={2009},
  abstract={We present MASSCLEAN , a new, sophisticated and robust stellar cluster image and photometry simulation package. This visualization tool is able to create color-magnitude diagrams (CMDs) and standard FITS images in any of the traditional optical and near-infrared bands based on cluster characteristics input by the user, including but not limited to distance, age, mass, radius, and extinction. At the limit of very distant, unresolved clusters, we have checked the integrated colors created in MASSCLEAN against those from other simple stellar population models with consistent results. We have also tested models that provide a reasonable estimate of the field star contamination in images and CMDs. We demonstrate the package by simulating images and CMDs of well-known massive Milky Way clusters and compare their appearance to real data. Because the algorithm populates the cluster with a discrete number of tenable stars, it can be used as part of a Monte Carlo Method to derive the probabilistic range of characteristics (integrated colors, for example) consistent with a given cluster mass and age. Our simulation package is available for download and will run on any standard desktop running UNIX/Linux. Full documentation on installation and its use is also available. Finally, a Web-based version of MASSCLEAN , which can be immediately used and is sufficiently adaptable for most applications, is available through a Web interface.}
}

@ARTICLE{Popescu_2010a,
   author = {{Popescu}, B. and {Hanson}, M.~M.},
    title = "{MASSCLEANcolors{\mdash}Mass-dependent Integrated Colors for Stellar Clusters Derived from 30 Million Monte Carlo Simulations}",
  journal = {ApJ},
archivePrefix = "arXiv",
   eprint = {0912.2583},
 keywords = {galaxies: clusters: general, methods: analytical, open clusters and associations: general},
     year = {2010},
    month = {apr},
   volume = 713,
    pages = {L21-L27},
      doi = {10.1088/2041-8205/713/1/L21},
   adsurl = {http://adsabs.harvard.edu/abs/2010ApJ...713L..21P},
  adsnote = {Provided by the SAO/NASA Astrophysics Data System}
}

@ARTICLE{Popescu_2010b,
   author = {{Popescu}, B. and {Hanson}, M.~M.},
    title = "{MASSCLEANage{\mdash}Stellar Cluster Ages from Integrated Colors}",
  journal = {ApJ},
archivePrefix = "arXiv",
   eprint = {1007.3718},
 keywords = {galaxies: clusters: general, methods: analytical, open clusters and associations: general},
     year = {2010},
    month = {nov},
   volume = 724,
    pages = {296-305},
      doi = {10.1088/0004-637X/724/1/296},
   adsurl = {http://adsabs.harvard.edu/abs/2010ApJ...724..296P},
  adsnote = {Provided by the SAO/NASA Astrophysics Data System}
}

@article{Popescu_2012,
  doi = {10.1088/0004-637x/751/2/122},
  url = {http://dx.doi.org/10.1088/0004-637X/751/2/122},
  year = {2012},
  month = {may},
  publisher = {{IOP} Publishing},
  volume = {751},
  number = {2},
  pages = {122},
  author = {Bogdan Popescu and M. M. Hanson and Bruce G. Elmegreen},
  title = {{{AGE} {AND} {MASS} {FOR} 920 {LARGE} {MAGELLANIC} {CLOUD} {CLUSTERS} {DERIVED} {FROM} 100 {MILLION} {MONTE} {CARLO} {SIMULATIONS}}},
  journal = {{ApJ}},
}

@article{Rafelski_2005,
  doi = {10.1086/424938},
  url = {http://dx.doi.org/10.1086/424938},
  year = {2005},
  month = {jun},
  publisher = {{IOP} Publishing},
  volume = {129},
  number = {6},
  pages = {2701--2713},
  author = {Marc Rafelski and Dennis Zaritsky},
  title = {{The Star Clusters of the Small Magellanic Cloud: Age Distribution}},
  journal = {Astron J},
}

@TechReport{vanRossum_1995,
  author =       "Guido {van Rossum}",
  title =        "{Python} tutorial",
  type =         "Report",
  number =       "CS-R9526",
  institution =  "pub-CWI",
  address =      "pub-CWI:adr",
  pages =        "iii + 65",
  month =        apr,
  year =         "1995",
  bibdate =      "Thu May 21 14:06:05 MDT 1998",
  keywords =     "Object-oriented programming (Computer science);
                 Programming languages (Electronic computers)",
}

@ARTICLE{Rubele_2010,
   author = {{Rubele}, S. and {Kerber}, L. and {Girardi}, L.},
    title = "{The star-formation history of the Small Magellanic Cloud star cluster NGC 419}",
  journal = {MNRAS},
archivePrefix = "arXiv",
   eprint = {0912.2638},
 keywords = {stars: evolution, Hertzsprung-Russell (HR) diagram},
     year = 2010,
    month = apr,
   volume = 403,
    pages = {1156-1164},
      doi = {10.1111/j.1365-2966.2010.16201.x},
   adsurl = {http://adsabs.harvard.edu/abs/2010MNRAS.403.1156R},
  adsnote = {Provided by the SAO/NASA Astrophysics Data System}
}

@ARTICLE{Rubele_2011,
   author = {{Rubele}, S. and {Girardi}, L. and {Kozhurina-Platais}, V. and 
  {Goudfrooij}, P. and {Kerber}, L.},
    title = "{The star formation history of the Large Magellanic Cloud star cluster NGC 1751}",
  journal = {MNRAS},
archivePrefix = "arXiv",
   eprint = {1102.2814},
 primaryClass = "astro-ph.SR",
 keywords = {stars: evolution, Hertzsprung, Russell and colour, magnitude diagrams},
     year = 2011,
    month = jul,
   volume = 414,
    pages = {2204-2214},
      doi = {10.1111/j.1365-2966.2011.18538.x},
   adsurl = {http://adsabs.harvard.edu/abs/2011MNRAS.414.2204R},
  adsnote = {Provided by the SAO/NASA Astrophysics Data System}
}

@ARTICLE{Rubele_2012,
   author = {{Rubele}, S. and {Kerber}, L. and {Girardi}, L. and {Cioni}, M.-R. and 
  {Marigo}, P. and {Zaggia}, S. and {Bekki}, K. and {de Grijs}, R. and 
  {Emerson}, J. and {Groenewegen}, M.~A.~T. and {Gullieuszik}, M. and 
  {Ivanov}, V. and {Miszalski}, B. and {Oliveira}, J.~M. and {Tatton}, B. and 
  {van Loon}, J.~T.},
    title = "{The VMC survey. IV. The LMC star formation history and disk geometry from four VMC tiles}",
  journal = {\aap},
archivePrefix = "arXiv",
   eprint = {1110.5852},
 keywords = {Magellanic Clouds, galaxies: evolution, infrared: stars, Hertzsprung-Russell and C-M diagrams},
     year = 2012,
    month = jan,
   volume = 537,
      eid = {A106},
    pages = {A106},
      doi = {10.1051/0004-6361/201117863},
   adsurl = {http://adsabs.harvard.edu/abs/2012A%26A...537A.106R},
  adsnote = {Provided by the SAO/NASA Astrophysics Data System}
}

@ARTICLE{Scargle_2013,
   author = {{Scargle}, J.~D. and {Norris}, J.~P. and {Jackson}, B. and {Chiang}, J.
  },
    title = "{Studies in Astronomical Time Series Analysis. VI. Bayesian Block Representations}",
  journal = {\apj},
archivePrefix = "arXiv",
   eprint = {1207.5578},
 primaryClass = "astro-ph.IM",
 keywords = {methods: data analysis, methods: statistical },
     year = 2013,
    month = feb,
   volume = 764,
      eid = {167},
    pages = {167},
      doi = {10.1088/0004-637X/764/2/167},
   adsurl = {http://adsabs.harvard.edu/abs/2013ApJ...764..167S},
  adsnote = {Provided by the SAO/NASA Astrophysics Data System}
}

@article{Scott_1979,
author = {Scott, David W.}, 
title = {On optimal and data-based histograms},
volume = {66}, 
number = {3}, 
pages = {605-610}, 
year = {1979}, 
doi = {10.1093/biomet/66.3.605}, 
URL = {http://biomet.oxfordjournals.org/content/66/3/605.abstract}, 
eprint = {http://biomet.oxfordjournals.org/content/66/3/605.full.pdf+html}, 
journal = {Biometrika} 
}

@ARTICLE{Scowcroft_2015,
  author = {{Scowcroft}, V. and {Freedman}, W.~L. and {Madore}, B.~F. and {Monson}, A. and {Persson}, S.~E. and {Rich}, J. and {Seibert}, M. and {Rigby}, J.~R.},
  title = {{The Carnegie Hubble Program: The Distance and Structure of the SMC as Revealed by Mid-infrared Observations of Cepheids}},
  journal = {ArXiv e-prints},
  archiveprefix = {arXiv},
  eprint = {1502.06995},
  keywords = {Astrophysics - Astrophysics of Galaxies},
  year = {2015},
  month = {feb},
  adsurl = {http://adsabs.harvard.edu/abs/2015arXiv150206995S},
  adsnote = {Provided by the SAO/NASA Astrophysics Data System},
}


@ARTICLE{Schlafly_2011,
   author = {{Schlafly}, E.~F. and {Finkbeiner}, D.~P.},
    title = "{Measuring Reddening with Sloan Digital Sky Survey Stellar Spectra and Recalibrating SFD}",
  journal = {\apj},
archivePrefix = "arXiv",
   eprint = {1012.4804},
 primaryClass = "astro-ph.GA",
 keywords = {dust, extinction, Galaxy: stellar content, ISM: clouds},
     year = 2011,
    month = aug,
   volume = 737,
      eid = {103},
    pages = {103},
      doi = {10.1088/0004-637X/737/2/103},
   adsurl = {http://adsabs.harvard.edu/abs/2011ApJ...737..103S},
  adsnote = {Provided by the SAO/NASA Astrophysics Data System}
}

@ARTICLE{Schlegel_1998,
   author = {{Schlegel}, D.~J. and {Finkbeiner}, D.~P. and {Davis}, M.},
    title = "{Maps of Dust Infrared Emission for Use in Estimation of Reddening and Cosmic Microwave Background Radiation Foregrounds}",
  journal = {\apj},
   eprint = {astro-ph/9710327},
 keywords = {COSMOLOGY: DIFFUSE RADIATION, COSMOLOGY: COSMIC MICROWAVE BACKGROUND, ISM: DUST, EXTINCTION, INTERPLANETARY MEDIUM, INFRARED: ISM: CONTINUUM, Cosmology: Cosmic Microwave Background, Cosmology: Diffuse Radiation, ISM: Dust, Extinction, Infrared: ISM: Continuum, Interplanetary Medium},
     year = 1998,
    month = jun,
   volume = 500,
    pages = {525-553},
      doi = {10.1086/305772},
   adsurl = {http://adsabs.harvard.edu/abs/1998ApJ...500..525S},
  adsnote = {Provided by the SAO/NASA Astrophysics Data System}
}

@ARTICLE{Schmeja_2014,
   author = {{Schmeja}, S. and {Kharchenko}, N.~V. and {Piskunov}, A.~E. and 
  {R{\"o}ser}, S. and {Schilbach}, E. and {Froebrich}, D. and 
  {Scholz}, R.-D.},
    title = "{Global survey of star clusters in the Milky Way. III. 139 new open clusters at high Galactic latitudes}",
  journal = {\aap},
archivePrefix = "arXiv",
   eprint = {1406.6267},
 keywords = {open clusters and associations: general},
     year = 2014,
    month = aug,
   volume = 568,
      eid = {A51},
    pages = {A51},
      doi = {10.1051/0004-6361/201322720},
   adsurl = {http://adsabs.harvard.edu/abs/2014A%26A...568A..51S},
  adsnote = {Provided by the SAO/NASA Astrophysics Data System}
}

@book{Silverman_1986,
  title={Density Estimation for Statistics and Data Analysis},
  author={Silverman, B.W.},
  isbn={9780412246203},
  lccn={86021347},
  series={Chapman \& Hall/CRC Monographs on Statistics \& Applied Probability},
  url={https://books.google.com.ar/books?id=e-xsrjsL7WkC},
  year={1986},
  publisher={Taylor \& Francis}
}

@article{Simonoff_1997,
  title={Measuring the stability of histogram appearance when the anchor position is changed},
  author={Simonoff, Jeffrey S and Udina, Frederic},
  journal={Computational Statistics \& Data Analysis},
  volume={23},
  number={3},
  pages={335--353},
  year={1997},
  publisher={Elsevier}
}

@ARTICLE{Sollima_2010,
   author = {{Sollima}, A. and {Carballo-Bello}, J.~A. and {Beccari}, G. and 
  {Ferraro}, F.~R. and {Pecci}, F.~F. and {Lanzoni}, B.},
    title = "{The fraction of binary systems in the core of five Galactic open clusters}",
  journal = {MNRAS},
archivePrefix = "arXiv",
   eprint = {0909.1277},
 primaryClass = "astro-ph.SR",
 keywords = {stellar dynamics, methods: observational, techniques: photometric, binaries: general, open clusters and associations: general},
     year = 2010,
    month = jan,
   volume = 401,
    pages = {577-585},
      doi = {10.1111/j.1365-2966.2009.15676.x},
   adsurl = {http://adsabs.harvard.edu/abs/2010MNRAS.401..577S},
  adsnote = {Provided by the SAO/NASA Astrophysics Data System}
}

@ARTICLE{Subramanian_2009,
   author = {{Subramanian}, S. and {Subramaniam}, A.},
    title = "{Depth estimation of the Large and Small Magellanic Clouds}",
  journal = {\aap},
archivePrefix = "arXiv",
   eprint = {0809.4362},
 keywords = {stars: horizontal-branch, galaxies: Magellanic Clouds, galaxies: halos, galaxies: stellar content, galaxies: structure, galaxies: bulges},
     year = 2009,
    month = mar,
   volume = 496,
    pages = {399-412},
      doi = {10.1051/0004-6361/200811029},
   adsurl = {http://adsabs.harvard.edu/abs/2009A%26A...496..399S},
  adsnote = {Provided by the SAO/NASA Astrophysics Data System}
}

@ARTICLE{Tammann_2003,
   author = {{Tammann}, G.~A. and {Sandage}, A. and {Reindl}, B.},
    title = "{New Period-Luminosity and Period-Color relations of classical Cepheids: I. Cepheids in the Galaxy}",
  journal = {\aap},
   eprint = {astro-ph/0303378},
 keywords = {Cepheids, Magellanic Clouds, distance scale, supernovae: general, cosmological parameters},
     year = 2003,
    month = jun,
   volume = 404,
    pages = {423-448},
      doi = {10.1051/0004-6361:20030354},
   adsurl = {http://adsabs.harvard.edu/abs/2003A%26A...404..423T},
  adsnote = {Provided by the SAO/NASA Astrophysics Data System}
}

@INPROCEEDINGS{Taylor_2005,
   author = {{Taylor}, M.~B.},
    title = "{TOPCAT {\amp} STIL: Starlink Table/VOTable Processing Software}",
booktitle = {Astronomical Data Analysis Software and Systems XIV},
     year = 2005,
   series = {Astronomical Society of the Pacific Conference Series},
   volume = 347,
   editor = {{Shopbell}, P. and {Britton}, M. and {Ebert}, R.},
    month = dec,
    pages = {29},
   adsurl = {http://adsabs.harvard.edu/abs/2005ASPC..347...29T},
  adsnote = {Provided by the SAO/NASA Astrophysics Data System}
}

@article{Tsujimoto_2009,
  author={Takuji Tsujimoto and Kenji Bekki},
  title={Chemical Signature of a Major Merger in the Early Formation of the Small Magellanic Cloud},
  journal={The Astrophysical Journal Letters},
  volume={700},
  number={2},
  pages={L69},
  url={http://stacks.iop.org/1538-4357/700/i=2/a=L69},
  year={2009},
  abstract={The formation history of the Small Magellanic Cloud (SMC) is unraveled based on the results of our new chemical evolution models constructed for the SMC, highlighting the observed anomaly in the age-metallicity relation for star clusters in the SMC. We first propose that evidence of a major merger is imprinted in the age-metallicity relation as a dip in [Fe/H]. Our models predict that the major merger with a mass ratio of 1:1 to 1:4 occurred at ~7.5 Gyr ago, with a good reproduction of the abundance distribution function of field stars in the SMC. Furthermore, our models predict a relatively large scatter in [Mg/Fe] for –1.4 ≤ [Fe/H] ≤ –1.1 as a reflection of a looping feature resulting from the temporally inverse progress of chemical enrichment, which can be tested against future observational results. Given that the observed velocity dispersion (~30 km s –1 ) of the SMC is much smaller than that (~160 km s –1 ) of the Galactic halo, our finding strongly implies that the predicted merger event happened in a small group environment that was far from the Galaxy and contained a number of small gas-rich dwarfs comparable to the SMC. This theoretical view is extensively discussed in the framework that considers a connection with the formation history of the Large Magellanic Cloud.}
}

@ARTICLE{Udalski_1999,
   author = {{Udalski}, A. and {Soszynski}, I. and {Szymanski}, M. and {Kubiak}, M. and 
  {Pietrzynski}, G. and {Wozniak}, P. and {Zebrun}, K.},
    title = "{The Optical Gravitational Lensing Experiment. Cepheids in the Magellanic Clouds. IV. Catalog of Cepheids from the Large Magellanic Cloud}",
  journal = {\actaa},
   eprint = {astro-ph/9908317},
 keywords = {CEPHEIDS, MAGELLANIC CLOUDS, CATALOGS},
     year = 1999,
    month = sep,
   volume = 49,
    pages = {223-317},
   adsurl = {http://adsabs.harvard.edu/abs/1999AcA....49..223U},
  adsnote = {Provided by the SAO/NASA Astrophysics Data System}
}

@ARTICLE{vandenBergh_1981,
   author = {{van den Bergh}, S.},
    title = "{UBV observations of globular clusters in the Magellanic Clouds}",
  journal = {A\&AS},
 keywords = {Astronomical Photometry, Globular Clusters, Magellanic Clouds, Stellar Evolution, Ubv Spectra, Color, Galactic Structure, Star Distribution},
     year = 1981,
    month = oct,
   volume = 46,
    pages = {79-87},
   adsurl = {http://adsabs.harvard.edu/abs/1981A%26AS...46...79V},
  adsnote = {Provided by the SAO/NASA Astrophysics Data System}
}

@INPROCEEDINGS{Vanderplas_2012,
 author={{Vanderplas}, J.T. and {Connolly}, A.J.
         and {Ivezi{\'c}}, {\v Z}. and {Gray}, A.},
 booktitle={Conference on Intelligent Data Understanding (CIDU)},
 title={Introduction to astroML: Machine learning for astrophysics},
 month={oct.},
 pages={47 -54},
 doi={10.1109/CIDU.2012.6382200},
 year={2012}
}

@article{vanDerWalt_2011,
  title={The NumPy array: a structure for efficient numerical computation},
  author={Van Der Walt, Stefan and Colbert, S Chris and Varoquaux, Gael},
  journal={Computing in Science \& Engineering},
  volume={13},
  number={2},
  pages={22--30},
  year={2011},
  publisher={AIP Publishing}
}

@ARTICLE{Vesperini_2010,
   author = {{Vesperini}, E.},
    title = "{Star cluster dynamics}",
  journal = {Philosophical Transactions of the Royal Society of London Series A},
archivePrefix = "arXiv",
   eprint = {0911.0793},
     year = 2010,
    month = jan,
   volume = 368,
    pages = {829-849},
      doi = {10.1098/rsta.2009.0260},
   adsurl = {http://adsabs.harvard.edu/abs/2010RSPTA.368..829V},
  adsnote = {Provided by the SAO/NASA Astrophysics Data System}
}

@ARTICLE{von_Hippel_2005,
  author = {{von Hippel}, T.},
  title = {{From Young and Hot to Old and Cold: Comparing White Dwarf Cooling Theory to Main-Sequence Stellar Evolution in Open Clusters}},
  journal = {\apj},
  keywords = {Galaxy: Open Clusters and Associations: General, Stars: Evolution, Stars: White Dwarfs},
  year = {2005},
  month = {mar},
  volume = {622},
  pages = {565-571},
  doi = {10.1086/428035},
}

@ARTICLE{Wagner_2013,
   author = {{Wagner-Kaiser}, R. and {Sarajedini}, A.},
    title = "{The properties of the Large Magellanic Cloud based on OGLE-III photometry of RR Lyrae stars}",
  journal = {MNRAS},
archivePrefix = "arXiv",
   eprint = {1302.2827},
 keywords = {stars: variables: RR Lyrae, dust, extinction, Magellanic Clouds},
     year = 2013,
    month = may,
   volume = 431,
    pages = {1565-1572},
      doi = {10.1093/mnras/stt277},
   adsurl = {http://adsabs.harvard.edu/abs/2013MNRAS.431.1565W},
  adsnote = {Provided by the SAO/NASA Astrophysics Data System}
}

@ARTICLE{Wilkinson_2003,
   author = {{Wilkinson}, M.~I. and {Hurley}, J.~R. and {Mackey}, A.~D. and 
  {Gilmore}, G.~F. and {Tout}, C.~A.},
    title = "{Core radius evolution of star clusters}",
  journal = {MNRAS},
   eprint = {astro-ph/0304522},
 keywords = {globular clusters: general, Magellanic Clouds, galaxies: star clusters},
     year = 2003,
    month = aug,
   volume = 343,
    pages = {1025-1037},
      doi = {10.1046/j.1365-8711.2003.06749.x},
   adsurl = {http://adsabs.harvard.edu/abs/2003MNRAS.343.1025W},
  adsnote = {Provided by the SAO/NASA Astrophysics Data System}
}

@ARTICLE{Xin_2011,
   author = {{Xin}, Y. and {Deng}, L. and {de Grijs}, R. and {Kroupa}, P.
  },
    title = "{Simple stellar population models including blue stragglers}",
  journal = {MNRAS},
archivePrefix = "arXiv",
   eprint = {1009.5987},
 primaryClass = "astro-ph.SR",
 keywords = {blue stragglers, Magellanic Clouds, galaxies: star clusters: general},
     year = 2011,
    month = feb,
   volume = 411,
    pages = {761-775},
      doi = {10.1111/j.1365-2966.2010.17714.x},
   adsurl = {http://adsabs.harvard.edu/abs/2011MNRAS.411..761X},
  adsnote = {Provided by the SAO/NASA Astrophysics Data System}
}
